% ------------------------
%
%    History of Computing
%
% ------------------------
@book{reed1997auto,
  title={Auto/ethnography: Rewriting the self and the social},
  author={Reed-Danahay, Deborah},
  year={1997},
  publisher={Routledge}
}
@article{candy2006practice,
  title={Practice based research: A guide},
  author={Candy, Linda},
  journal={CCS report},
  volume={1},
  number={2},
  pages={1--19},
  year={2006}
}
% ------------------------
%
%    History of Computing
%
% ------------------------
@article{drew2016technological,
  title={Technological determinism},
  author={Drew, Rob},
  journal={A companion to popular culture},
  pages={165--183},
  year={2016},
  publisher={Wiley Online Library}
}
@misc{andreesen2023techno,
	title        = {The Techno-Optimist Manifesto},
	author       = {Andreesen, Marc},
	year         = {2023},
	note         = {Accessed: 2024-08-27},
	howpublished = {\url{https://a16z.com/the-techno-optimist-manifesto/}}
}
@article{sias2021ideology,
  title={The ideology of AI},
  author={Sias, Leonardo},
  journal={Philosophy Today},
  year={2021}
}
@misc{lovelace1843notes,
  title={Notes by the Translator Ada Augusta, Countess of Lovelace, on LF Menabrea's “Sketch of the Analytical Engine Invented by Charles Babbage”. Scientific Memoirs, Selected from the Transactions of Foreign Academies of Science and Learned Societies, vol. 3, 666-731. {Richard \& John Taylor, London, UK}},
  author={Lovelace, {Ada Augusta, Countess of}},
  year={1843}
}

@article{machinery1950computing,
  title={Computing machinery and intelligence},
  author={Turing, Alan},
  journal={Mind},
  volume={59},
  number={236},
  pages={433},
  year={1950}
}

@article{bringsjord2003creativity,
  title={Creativity, the Turing test, and the (better) Lovelace test},
  author={Bringsjord, Selmer and Bello, Paul and Ferrucci, David},
  journal={The Turing test: the elusive standard of artificial intelligence},
  pages={215--239},
  year={2003},
  publisher={Springer}
}

@article{natale2022lovelace,
  title={The Lovelace effect: Perceptions of creativity in machines},
  author={Natale, Simone and Henrickson, Leah},
  journal={New Media \& Society},
  pages={14614448221077278},
  year={2022},
  publisher={{SAGE Publications Sage UK}: London, England}
}

% ------------------------
%
%   Theories of Creativity
%
% ------------------------
@article{kaufman2021overview,
  title={An overview of creativity theories},
  author={Kaufman, James C and Gl{\u{a}}veanu, Vlad P},
  journal={Creativity: An introduction},
  pages={17--30},
  year={2021},
  publisher={Cambridge University Press Cambridge}
}

@article{amabile1983social,
  title={The social psychology of creativity: A componential conceptualization.},
  author={Amabile, Teresa M},
  journal={Journal of personality and social psychology},
  volume={45},
  number={2},
  pages={357},
  year={1983},
  publisher={American Psychological Association}
}

@article{mednick1962associative,
  title={The associative basis of the creative process.},
  author={Mednick, Sarnoff},
  journal={Psychological review},
  volume={69},
  number={3},
  pages={220},
  year={1962},
  publisher={American Psychological Association}
}

@article{guilford1950creativity,
  title={Creativty},
  author={Guilford, Joy Paul},
  journal={American Psychologist},
  volume={5},
  pages={444--454},
  year={1950}
}

@article{guilford1957creative,
  title={Creative abilities in the arts.},
  author={Guilford, Joy Paul},
  journal={Psychological review},
  volume={64},
  number={2},
  pages={110},
  year={1957},
  publisher={American Psychological Association}
}

@book{torrance1966torrance,
  title={Torrance tests of creative thinking: Directions manual and scoring guide},
  author={Torrance, Ellis Paul},
  year={1966},
  publisher={Personnel Press, Incorporated}
}

@article{campbell1960blind,
  title={Blind variation and selective retention in scientific discovery},
  author={Campbell, Donald Thomas},
  journal={Psychological Review},
  volume={67},
  pages={380--400},
  year={1960}
}

@book{koestler1964act,
  title={The act of creation},
  author={Koestler, Arthur},
  year={1964},
  publisher={London Hutchinson}
}

@article{wiggins2015evolutionary,
  title={The evolutionary roots of creativity: mechanisms and motivations},
  author={Wiggins, Geraint A and Tyack, Peter and Scharff, Constance and Rohrmeier, Martin},
  journal={Philosophical Transactions of the Royal Society B: Biological Sciences},
  volume={370},
  number={1664},
  pages={20140099},
  year={2015},
  publisher={The Royal Society}
}
@inproceedings{schmidhuber2008driven,
  title={Driven by compression progress: A simple principle explains essential aspects of subjective beauty, novelty, surprise, interestingness, attention, curiosity, creativity, art, science, music, jokes},
  author={Schmidhuber, J{\"u}rgen},
  booktitle={Workshop on anticipatory behavior in adaptive learning systems},
  pages={48--76},
  year={2008},
  organization={Springer}
}
@inproceedings{lehman2010efficiently,
  title={Efficiently evolving programs through the search for novelty},
  author={Lehman, Joel and Stanley, Kenneth O},
  booktitle={Proceedings of the 12th annual conference on Genetic and evolutionary computation},
  pages={837--844},
  year={2010}
}
@article{lehman2011novelty,
  title={Novelty search and the problem with objectives},
  author={Lehman, Joel and Stanley, Kenneth O},
  journal={Genetic programming theory and practice IX},
  pages={37--56},
  year={2011},
  publisher={Springer}
}
@inproceedings{guzdial2018combinatorial,
  title={Combinatorial creativity for procedural content generation via machine learning},
  author={Guzdial, Matthew J and Riedl, Mark O},
  booktitle={Workshops at the Thirty-Second AAAI Conference on Artificial Intelligence},
  year={2018}
}
@article{zarraonandia2017using,
  title={Using combinatorial creativity to support end-user design of digital games},
  author={Zarraonandia, Telmo and Diaz, Paloma and Aedo, Ignacio},
  journal={Multimedia Tools and Applications},
  volume={76},
  pages={9073--9098},
  year={2017},
  publisher={Springer}
}
@article{simonton2021scientific,
  title={Scientific creativity: Discovery and invention as combinatorial},
  author={Simonton, Dean Keith},
  journal={Frontiers in psychology},
  volume={12},
  pages={721104},
  year={2021},
  publisher={Frontiers Media SA}
}
@incollection{simonton2022serendipity,
  title={Serendipity and creativity in the arts and sciences: A combinatorial analysis},
  author={Simonton, Dean Keith},
  booktitle={The art of serendipity},
  pages={293--320},
  year={2022},
  publisher={Springer}
}

% ------------------------
%
%    Machine Learning
%
% ------------------------
@article{kingma2014adam,
  title={Adam: A method for stochastic optimization},
  author={Kingma, Diederik P and Ba, Jimmy},
  journal={arXiv preprint arXiv:1412.6980},
  year={2014}
}
@incollection{fukushima1982neocognitron,
	title        = {Neocognitron: A self-organizing neural network model for a mechanism of visual pattern recognition},
	author       = {Fukushima, Kunihiko and Miyake, Sei},
	year         = {1982},
	booktitle    = {Competition and cooperation in neural nets},
	publisher    = {Springer},
	pages        = {267--285}
}
@inproceedings{nair2010rectified,
	title        = {Rectified linear units improve restricted boltzmann machines},
	author       = {Nair, Vinod and Hinton, Geoffrey E},
	year         = {2010},
	booktitle    = {International Conference on Machine Learning}
}
@article{hochreiter1998vanishing,
	title        = {The vanishing gradient problem during learning recurrent neural nets and problem solutions},
	author       = {Hochreiter, Sepp},
	year         = {1998},
	journal      = {International Journal of Uncertainty, Fuzziness and Knowledge-Based Systems},
	publisher    = {World Scientific},
	volume       = {6},
	number       = {02},
	pages        = {107--116}
}
@article{rosenblatt1958perceptron,
	title        = {The perceptron: a probabilistic model for information storage and organization in the brain.},
	author       = {Rosenblatt, Frank},
	year         = {1958},
	journal      = {Psychological review},
	publisher    = {American Psychological Association},
	volume       = {65},
	number       = {6},
	pages        = {386}
}
@article{werbos1974beyond,
	title        = {Beyond regression:" new tools for prediction and analysis in the behavioral sciences},
	author       = {Werbos, Paul},
	year         = {1974},
	journal      = {Ph. D. dissertation, Harvard University}
}
@article{ackley1985learning,
	title        = {A learning algorithm for Boltzmann machines},
	author       = {Ackley, David H and Hinton, Geoffrey E and Sejnowski, Terrence J},
	year         = {1985},
	journal      = {Cognitive science},
	publisher    = {Elsevier},
	volume       = {9},
	number       = {1},
	pages        = {147--169}
}
@article{hinton2006reducing,
	title        = {Reducing the dimensionality of data with neural networks},
	author       = {Hinton, Geoffrey E and Salakhutdinov, Ruslan R},
	year         = {2006},
	journal      = {science},
	publisher    = {American Association for the Advancement of Science},
	volume       = {313},
	number       = {5786},
	pages        = {504--507}
}
@article{russakovsky2015imagenet,
	title        = {Imagenet large scale visual recognition challenge},
	author       = {Russakovsky, Olga and Deng, Jia and Su, Hao and Krause, Jonathan and Satheesh, Sanjeev and Ma, Sean and Huang, Zhiheng and Karpathy, Andrej and Khosla, Aditya and Bernstein, Michael and others},
	year         = {2015},
	journal      = {International journal of computer vision},
	publisher    = {Springer},
	volume       = {115},
	number       = {3},
	pages        = {211--252}
}
@article{krizhevsky2012imagenet,
	title        = {Imagenet classification with deep convolutional neural networks},
	author       = {Krizhevsky, Alex and Sutskever, Ilya and Hinton, Geoffrey E},
	year         = {2012},
	journal      = {Advances in neural information processing systems},
	volume       = {25}
}
@inproceedings{grezl2007probabilistic,
	title        = {Probabilistic and bottle-neck features for {LVCSR} of meetings},
	author       = {Gr{\'e}zl, Frantisek and Karafi{\'a}t, Martin and Kont{\'a}r, Stanislav and Cernocky, Jan},
	year         = {2007},
	booktitle    = {Proc. IEEE International Conference on Acoustics, Speech and Signal Processing-ICASSP'07},
	volume       = {4},
	pages        = {IV--757},
	organization = {IEEE}
}
@article{lloyd1982least,
	title        = {Least squares quantization in {PCM}},
	author       = {Lloyd, Stuart},
	year         = {1982},
	journal      = {IEEE transactions on information theory},
	publisher    = {IEEE},
	volume       = {28},
	number       = {2},
	pages        = {129--137}
}
@article{forgy1965cluster,
	title        = {Cluster analysis of multivariate data: Efficiency versus interpretability of classifications},
	author       = {Forgy, Edward W},
	year         = {1965},
	journal      = {biometrics},
	volume       = {21},
	pages        = {768--769}
}
@article{celebi2013comparative,
	title        = {A comparative study of efficient initialization methods for the k-means clustering algorithm},
	author       = {Celebi, M Emre and Kingravi, Hassan A and Vela, Patricio A},
	year         = {2013},
	journal      = {Expert systems with applications},
	publisher    = {Elsevier},
	volume       = {40},
	number       = {1},
	pages        = {200--210}
}
@article{kulis2013metric,
	title        = {Metric learning: A survey},
	author       = {Kulis, Brian},
	year         = {2013},
	journal      = {Foundations and Trends{\textregistered} in Machine Learning},
	publisher    = {Now Publishers, Inc.},
	volume       = {5},
	number       = {4},
	pages        = {287--364}
}
@incollection{bridle1990probabilistic,
	title        = {Probabilistic interpretation of feedforward classification network outputs, with relationships to statistical pattern recognition},
	author       = {Bridle, John S},
	year         = {1990},
	booktitle    = {Neurocomputing},
	publisher    = {Springer},
	pages        = {227--236}
}
@techreport{rumelhart1985learning,
	title        = {Learning internal representations by error propagation},
	author       = {Rumelhart, David E and Hinton, Geoffrey E and Williams, Ronald J},
	year         = {1985},
	institution  = {California Univ San Diego La Jolla Inst for Cognitive Science}
}
@inproceedings{frey1996does,
	title        = {Does the wake-sleep algorithm produce good density estimators?},
	author       = {Frey, Brendan J and Hinton, Geoffrey E and Dayan, Peter and others},
	year         = {1996},
	booktitle    = {Advances in neural information processing systems},
	pages        = {661--670},
	organization = {Citeseer}
}
@article{itti2009bayesian,
	title        = {Bayesian surprise attracts human attention},
	author       = {Itti, Laurent and Baldi, Pierre},
	year         = {2009},
	journal      = {Vision research},
	publisher    = {Elsevier},
	volume       = {49},
	number       = {10},
	pages        = {1295--1306}
}
@article{itti2005bayesian,
  title={Bayesian surprise attracts human attention},
  author={Itti, Laurent and Baldi, Pierre},
  journal={Advances in neural information processing systems},
  volume={18},
  year={2005}
}
@article{chentanez2004intrinsically,
  title={Intrinsically motivated reinforcement learning},
  author={Chentanez, Nuttapong and Barto, Andrew and Singh, Satinder},
  journal={Advances in neural information processing systems},
  volume={17},
  year={2004}
}
@article{singh2010intrinsically,
  title={Intrinsically motivated reinforcement learning: An evolutionary perspective},
  author={Singh, Satinder and Lewis, Richard L and Barto, Andrew G and Sorg, Jonathan},
  journal={IEEE Transactions on Autonomous Mental Development},
  volume={2},
  number={2},
  pages={70--82},
  year={2010},
  publisher={IEEE}
}
@article{barto2013intrinsic,
  title={Intrinsic motivation and reinforcement learning},
  author={Barto, Andrew G},
  journal={Intrinsically motivated learning in natural and artificial systems},
  pages={17--47},
  year={2013},
  publisher={Springer}
}
% ------------------------
%
%      Interactive
%    Machine Learning
%
% ------------------------
@inproceedings{fails2003interactive,
	title        = {Interactive machine learning},
	author       = {Fails, Jerry Alan and Olsen Jr, Dan R},
	year         = {2003},
	booktitle    = {Proc. 8th international conference on Intelligent user interfaces}
}
@article{amershi2014power,
	title        = {Power to the people: The role of humans in interactive machine learning},
	author       = {Amershi, Saleema and Cakmak, Maya and Knox, William Bradley and Kulesza, Todd},
	year         = {2014},
	journal      = {Ai Magazine},
	volume       = {35},
	number       = {4},
	pages        = {105--120}
}
% ------------------------
%
%    Deep Learning
%
% ------------------------
@article{lecun1998gradient,
	title        = {Gradient-based learning applied to document recognition},
	author       = {LeCun, Yann and Bottou, L{\'e}on and Bengio, Yoshua and Haffner, Patrick},
	year         = {1998},
	journal      = {Proc. of the IEEE},
	volume       = {86},
	number       = {11}
}
@article{hochreiter1997long,
	title        = {Long short-term memory},
	author       = {Hochreiter, Sepp and Schmidhuber, J{\"u}rgen},
	year         = {1997},
	journal      = {Neural computation},
	publisher    = {MIT Press},
	volume       = {9},
	number       = {8},
	pages        = {1735--1780}
}
@inproceedings{paszke2019pytorch,
	title        = {{PyTorch}: An imperative style, high-performance deep learning library},
	author       = {Paszke, Adam and Gross, Sam and Massa, Francisco and Lerer, Adam and Bradbury, James and Chanan, Gregory and Killeen, Trevor and Lin, Zeming and Gimelshein, Natalia and Antiga, Luca and others},
	year         = {2019},
	booktitle    = {Advances in Neural Information Processing Systems},
	pages        = {8024--8035}
}
@inproceedings{zhou2014object,
	title        = {Object detectors emerge in deep scene {CNNs}},
	author       = {Zhou, Bolei and Khosla, Aditya and Lapedriza, Agata and Oliva, Aude and Torralba, Antonio},
	year         = {2015},
	booktitle    = {International Conference on Learning Representations}
}
@inproceedings{zhang2018shufflenet,
	title        = {{ShuffleNet}: An extremely efficient Convolutional Neural Network for mobile devices},
	author       = {Zhang, Xiangyu and Zhou, Xinyu and Lin, Mengxiao and Sun, Jian},
	year         = {2018},
	booktitle    = {Proc. IEEE Conference on Computer Vision and Pattern Recognition},
	pages        = {6848--6856}
}
@inproceedings{dosovitskiy2014discriminative,
	title        = {Discriminative unsupervised feature learning with convolutional neural networks},
	author       = {Dosovitskiy, Alexey and Springenberg, Jost Tobias and Riedmiller, Martin and Brox, Thomas},
	year         = {2014},
	booktitle    = {Advances in neural information processing systems},
	pages        = {766--774}
}
@article{kingma2015adam,
	title        = {Adam: A method for stochastic optimization},
	author       = {Kingma, Diederik P and Ba, Jimmy},
	year         = {2015},
	journal      = {International Conference on Learning Representations}
}
@inproceedings{larsen2016autoencoding,
  title={Autoencoding beyond pixels using a learned similarity metric},
  author={Larsen, Anders Boesen Lindbo and S{\o}nderby, S{\o}ren Kaae and Larochelle, Hugo and Winther, Ole},
  booktitle={International conference on machine learning},
  pages={1558--1566},
  year={2016},
  organization={PMLR}
}
@article{arulkumaran2016improving,
	title        = {Improving sampling from generative autoencoders with markov chains},
	author       = {Arulkumaran, Kai and Creswell, Antonia and Bharath, Anil A},
	year         = {2016},
	journal      = {arXiv preprint arXiv:1610.09296},
	volume       = {3},
	pages        = {13}
}
@inproceedings{he2016deep,
	title        = {Deep residual learning for image recognition},
	author       = {He, Kaiming and Zhang, Xiangyu and Ren, Shaoqing and Sun, Jian},
	year         = {2016},
	booktitle    = {Proc. IEEE conference on computer vision and pattern recognition}
}
% GPT-3
@article{brown2020language,
	title        = {Language models are few-shot learners},
	author       = {Brown, Tom B and Mann, Benjamin and Ryder, Nick and Subbiah, Melanie and Kaplan, Jared and Dhariwal, Prafulla and Neelakantan, Arvind and Shyam, Pranav and Sastry, Girish and Askell, Amanda and others},
	year         = {2020},
	journal      = {arXiv preprint arXiv:2005.14165}
}
@inproceedings{arcas2019social,
	title        = {Social Intelligence},
	author       = {Agüera y Arcas, Blaise},
	year         = {2019},
	booktitle    = {Advances in Neural Information Processing Systems [Keynote address]}
}
@inproceedings{gretton2019interpretable,
	title        = {Interpretable Comparison of Distributions and Models},
	author       = {Gretton, Arthur and Sutherland, Dougal and Jitkrittum, Wittawat},
	year         = {2019},
	booktitle    = {Advances in Neural Information Processing Systems [Tutorial]}
}
@article{vaswani2017attention,
	title        = {Attention is all you need},
	author       = {Vaswani, Ashish and Shazeer, Noam and Parmar, Niki and Uszkoreit, Jakob and Jones, Llion and Gomez, Aidan N and Kaiser, Lukasz and Polosukhin, Illia},
	year         = {2017},
	journal      = {Advances in Neural Information Processing Systems}
}
@article{radford2021learning,
	title        = {Learning transferable visual models from natural language supervision},
	author       = {Radford, Alec and Kim, Jong Wook and Hallacy, Chris and Ramesh, Aditya and Goh, Gabriel and Agarwal, Sandhini and Sastry, Girish and Askell, Amanda and Mishkin, Pamela and Clark, Jack and others},
	year         = {2021},
	journal      = {arXiv preprint arXiv:2103.00020}
}
@inproceedings{larochelle2011neural,
	title        = {The neural autoregressive distribution estimator},
	author       = {Larochelle, Hugo and Murray, Iain},
	year         = {2011},
	booktitle    = {Proc.  fourteenth international conference on artificial intelligence and statistics},
	pages        = {29--37},
	organization = {JMLR Workshop and Conference Proceedings}
}
% ------------------------
%
%      Reinforcement 
%        Learning
%
% ------------------------
@inproceedings{wang2020enhanced,
	title        = {Enhanced POET: Open-ended reinforcement learning through unbounded invention of learning challenges and their solutions},
	author       = {Wang, Rui and Lehman, Joel and Rawal, Aditya and Zhi, Jiale and Li, Yulun and Clune, Jeffrey and Stanley, Kenneth},
	year         = {2020},
	booktitle    = {Proc. International Conference on Machine Learning}
}
@book{luo2020reinforcement,
	title        = {Reinforcement Learning for Generative Art},
	author       = {Luo, Jieliang},
	year         = {2020},
	publisher    = {University of California, Santa Barbara}
}
@inproceedings{shaker2016intrinsically,
	title        = {Intrinsically motivated reinforcement learning: A promising framework for procedural content generation},
	author       = {Shaker, Noor},
	year         = {2016},
	booktitle    = {2016 IEEE Conference on Computational Intelligence and Games (CIG)},
	pages        = {1--8},
	organization = {IEEE}
}
% ------------------------
%
%     Neural Network
%    Interpretability 
%
% ------------------------
@inproceedings{zeiler2014visualizing,
	title        = {Visualizing and understanding convolutional networks},
	author       = {Zeiler, Matthew D and Fergus, Rob},
	year         = {2014},
	booktitle    = {European conference on computer vision},
	pages        = {818--833},
	organization = {Springer}
}
@inproceedings{mahendran2015understanding,
	title        = {Understanding deep image representations by inverting them},
	author       = {Mahendran, Aravindh and Vedaldi, Andrea},
	year         = {2015},
	booktitle    = {Proc. IEEE Conference on Computer Vision and Pattern Recognition},
	pages        = {5188--5196}
}
@article{simonyan2013deep,
	title        = {Deep inside convolutional networks: Visualising image classification models and saliency maps},
	author       = {Simonyan, Karen and Vedaldi, Andrea and Zisserman, Andrew},
	year         = {2013},
	journal      = {arXiv preprint arXiv:1312.6034}
}
@inproceedings{goetschalckx2019ganalyze,
	title        = {{GAN}alyze: Toward visual definitions of cognitive image properties},
	author       = {Goetschalckx, Lore and Andonian, Alex and Oliva, Aude and Isola, Phillip},
	year         = {2019},
	booktitle    = {Proc. IEEE International Conference on Computer Vision},
	pages        = {5744--5753}
}
% ------------------------
%
%      Datasets
%
% ------------------------
@inproceedings{lin2014microsoft,
	title        = {Microsoft coco: Common objects in context},
	author       = {Lin, Tsung-Yi and Maire, Michael and Belongie, Serge and Hays, James and Perona, Pietro and Ramanan, Deva and Doll{\'a}r, Piotr and Zitnick, C Lawrence},
	year         = {2014},
	booktitle    = {European conference on computer vision},
	pages        = {740--755},
	organization = {Springer}
}
@inproceedings{zhou2017scene,
	title        = {Scene parsing through {ADE20K} Dataset},
	author       = {B. {Zhou} and H. {Zhao} and X. {Puig} and S. {Fidler} and A. {Barriuso} and A. {Torralba}},
	year         = {2017},
	booktitle    = {Proc. IEEE Conference on Computer Vision and Pattern Recognition (CVPR)},
	pages        = {5122--5130}
}
@article{yu2015lsun,
	title        = {Lsun: Construction of a large-scale image dataset using deep learning with humans in the loop},
	author       = {Yu, Fisher and Seff, Ari and Zhang, Yinda and Song, Shuran and Funkhouser, Thomas and Xiao, Jianxiong},
	year         = {2015},
	journal      = {arXiv preprint arXiv:1506.03365}
}
@misc{MNIST,
	title        = {The MNIST database of handwritten digits},
	author       = {LeCunn, Yann and Cortes, Corrina and Burges, Christopher J.C.},
	year         = {1998},
	month        = nov,
	note         = {Accessed: 2021-2-4},
	howpublished = {\url{http://yann.lecun.com/exdb/mnist/}}
}
@inproceedings{deng2009imagenet,
	title        = {Imagenet: A large-scale hierarchical image database},
	author       = {Deng, Jia and Dong, Wei and Socher, Richard and Li, Li-Jia and Li, Kai and Fei-Fei, Li},
	year         = {2009},
	booktitle    = {Proc. IEEE conference on computer vision and pattern recognition}
}
@misc{pinkney2020aligned,
	title        = {Aligned ukiyo-e faces dataset.},
	author       = {Pinkney, Justin N. M.},
	year         = {2020},
	note         = {Accessed: 2021-06-28},
	howpublished = {\url{https://www.justinpinkney.com/ukiyoe-dataset/}}
}
@article{saleh2016large,
	title        = {Large-scale Classification of Fine-Art Paintings: Learning The Right Metric on The Right Feature},
	author       = {Saleh, Babak and Elgammal, Ahmed},
	year         = {2016},
	journal      = {International Journal for Digital Art History}
}
% ------------------------
%
%    Generative Models 
%          Core
%
% ------------------------
@inproceedings{sohl2015deep,
  title={Deep unsupervised learning using nonequilibrium thermodynamics},
  author={Sohl-Dickstein, Jascha and Weiss, Eric and Maheswaranathan, Niru and Ganguli, Surya},
  booktitle={International conference on machine learning},
  pages={2256--2265},
  year={2015},
  organization={PMLR}
}
@inproceedings{ronneberger2015u,
  title={U-net: Convolutional networks for biomedical image segmentation},
  author={Ronneberger, Olaf and Fischer, Philipp and Brox, Thomas},
  booktitle={Medical image computing and computer-assisted intervention--MICCAI 2015: 18th international conference, Munich, Germany, October 5-9, 2015, proceedings, part III 18},
  pages={234--241},
  year={2015},
  organization={Springer}
}
@article{van2016conditional,
  title={Conditional image generation with pixelcnn decoders},
  author={Van den Oord, Aaron and Kalchbrenner, Nal and Espeholt, Lasse and Vinyals, Oriol and Graves, Alex and others},
  journal={Advances in neural information processing systems},
  volume={29},
  year={2016}
}
@article{van2017neural,
  title={Neural discrete representation learning},
  author={Van Den Oord, Aaron and Vinyals, Oriol and others},
  journal={Advances in neural information processing systems},
  volume={30},
  year={2017}
}
@article{bahdanau2014neural,
  title={Neural machine translation by jointly learning to align and translate},
  author={Bahdanau, Dzmitry},
  journal={arXiv preprint arXiv:1409.0473},
  year={2014}
}
@inproceedings{zhang2018unreasonable,
	title        = {The unreasonable effectiveness of deep features as a perceptual metric},
	author       = {Zhang, Richard and Isola, Phillip and Efros, Alexei A and Shechtman, Eli and Wang, Oliver},
	year         = {2018},
	booktitle    = {Proc.  IEEE conference on computer vision and pattern recognition},
	pages        = {586--595}
}
@inproceedings{goodfellow2014generative,
	title        = {Generative Adversarial Nets},
	author       = {Goodfellow, Ian and Pouget-Abadie, Jean and Mirza, Mehdi and Xu, Bing and Warde-Farley, David and Ozair, Sherjil and Courville, Aaron and Bengio, Yoshua},
	year         = {2014},
	booktitle    = {Advances in neural information processing systems},
	pages        = {2672--2680}
}
@inproceedings{kingma2013auto,
	title        = {Auto-encoding variational {B}ayes},
	author       = {Kingma, Diederik P and Welling, Max},
	year         = {2013},
	booktitle    = {International Conference on Learning Representations}
}
@inproceedings{rezende2014stochastic,
	title        = {Stochastic backpropagation and approximate inference in deep generative models},
	author       = {Rezende, Danilo Jimenez and Mohamed, Shakir and Wierstra, Daan},
	year         = {2014},
	booktitle    = {Proc. 31st International Conference on Machine Learning}
}
% ------------------------
%
%    Generative Models 
%         Images
%
% ------------------------
@inproceedings{rombach2022high,
  title={High-resolution image synthesis with latent diffusion models},
  author={Rombach, Robin and Blattmann, Andreas and Lorenz, Dominik and Esser, Patrick and Ommer, Bj{\"o}rn},
  booktitle={Proceedings of the IEEE/CVF conference on computer vision and pattern recognition},
  pages={10684--10695},
  year={2022}
}
@inproceedings{rezende2015variational,
	title        = {Variational inference with normalizing flows},
	author       = {Rezende, Danilo and Mohamed, Shakir},
	year         = {2015},
	booktitle    = {International conference on machine learning},
	pages        = {1530--1538},
	organization = {PMLR}
}
@article{kingma2018glow,
	title        = {Glow: Generative flow with invertible 1x1 convolutions},
	author       = {Kingma, Durk P and Dhariwal, Prafulla},
	year         = {2018},
	journal      = {Advances in neural information processing systems},
	volume       = {31}
}
@article{harshvardhan2020comprehensive,
	title        = {A comprehensive survey and analysis of generative models in machine learning},
	author       = {Harshvardhan, GM and Gourisaria, Mahendra Kumar and Pandey, Manjusha and Rautaray, Siddharth Swarup},
	year         = {2020},
	journal      = {Computer Science Review},
	publisher    = {Elsevier},
	volume       = {38},
	pages        = {100285}
}
@article{karras2019analyzing,
	title        = {Analyzing and improving the image quality of {StyleGAN}},
	author       = {Karras, Tero and Laine, Samuli and Aittala, Miika and Hellsten, Janne and Lehtinen, Jaakko and Aila, Timo},
	year         = {2020},
	journal      = {Proc. IEEE Conference on Computer Vision and Pattern Recognition}
}
@inproceedings{karras2019style,
	title        = {A style-based generator architecture for generative adversarial networks},
	author       = {Karras, Tero and Laine, Samuli and Aila, Timo},
	year         = {2019},
	booktitle    = {Proc. IEEE Conference on Computer Vision and Pattern Recognition},
	pages        = {4401--4410}
}
@article{donahue2019large,
  title={Large scale adversarial representation learning},
  author={Donahue, Jeff and Simonyan, Karen},
  journal={Advances in neural information processing systems},
  volume={32},
  year={2019}
}
@inproceedings{jiang2018super,
  title={Super slomo: High quality estimation of multiple intermediate frames for video interpolation},
  author={Jiang, Huaizu and Sun, Deqing and Jampani, Varun and Yang, Ming-Hsuan and Learned-Miller, Erik and Kautz, Jan},
  booktitle={Proceedings of the IEEE conference on computer vision and pattern recognition},
  pages={9000--9008},
  year={2018}
}
@inproceedings{brock2018large,
	title        = {Large scale {GAN} training for high fidelity natural image synthesis},
	author       = {Brock, Andrew and Donahue, Jeff and Simonyan, Karen},
	year         = {2019},
	booktitle    = {International Conference on Learning Representations}
}
@inproceedings{karras2017progressive,
	title        = {Progressive growing of {GANs} for improved quality, stability, and variation},
	author       = {Karras, Tero and Aila, Timo and Laine, Samuli and Lehtinen, Jaakko},
	year         = {2017},
	booktitle    = {International Conference on Learning Representations}
}
@inproceedings{radford2015unsupervised,
	title        = {Unsupervised representation learning with deep convolutional generative adversarial networks},
	author       = {Radford, Alec and Metz, Luke and Chintala, Soumith},
	year         = {2016},
	booktitle    = {International Conference on Learning Representations}
}
@article{mansimov2015generating,
  title={Generating images from captions with attention},
  author={Mansimov, Elman and Parisotto, Emilio and Ba, Jimmy Lei and Salakhutdinov, Ruslan},
  journal={arXiv preprint arXiv:1511.02793},
  year={2015}
}
@inproceedings{gregor2015draw,
  title={Draw: A recurrent neural network for image generation},
  author={Gregor, Karol and Danihelka, Ivo and Graves, Alex and Rezende, Danilo and Wierstra, Daan},
  booktitle={International conference on machine learning},
  pages={1462--1471},
  year={2015},
  organization={PMLR}
}
@article{razavi2019generating,
  title={Generating diverse high-fidelity images with vq-vae-2},
  author={Razavi, Ali and Van den Oord, Aaron and Vinyals, Oriol},
  journal={Advances in neural information processing systems},
  volume={32},
  year={2019}
}
@inproceedings{chen2017photographic,
	title        = {Photographic image synthesis with cascaded refinement networks},
	author       = {Chen, Qifeng and Koltun, Vladlen},
	year         = {2017},
	booktitle    = {Proc. IEEE international conference on computer vision},
	pages        = {1511--1520}
}
@inproceedings{isola2017image,
	title        = {Image-to-image translation with conditional adversarial networks},
	author       = {Isola, Phillip and Zhu, Jun-Yan and Zhou, Tinghui and Efros, Alexei A},
	year         = {2017},
	booktitle    = {Proc. IEEE Conference on Computer Vision and Pattern Recognition},
	pages        = {1125--1134}
}
@inproceedings{wang2018high,
	title        = {High-resolution image synthesis and semantic manipulation with conditional {GANs}},
	author       = {Wang, Ting-Chun and Liu, Ming-Yu and Zhu, Jun-Yan and Tao, Andrew and Kautz, Jan and Catanzaro, Bryan},
	year         = {2018},
	booktitle    = {Proc. IEEE Conference on Computer Vision and Pattern Recognition},
	pages        = {8798--8807}
}
@inproceedings{park2019semantic,
	title        = {Semantic image synthesis with spatially-adaptive normalization},
	author       = {Park, Taesung and Liu, Ming-Yu and Wang, Ting-Chun and Zhu, Jun-Yan},
	year         = {2019},
	booktitle    = {Proc. IEEE Conference on Computer Vision and Pattern Recognition},
	pages        = {2337--2346}
}
@inproceedings{liu2017unsupervised,
	title        = {Unsupervised image-to-image translation networks},
	author       = {Liu, Ming-Yu and Breuel, Thomas and Kautz, Jan},
	year         = {2017},
	booktitle    = {Advances in neural information processing systems},
	pages        = {700--708}
}
@inproceedings{zhu2017unpaired,
	title        = {Unpaired image-to-image translation using cycle-consistent adversarial networks},
	author       = {Zhu, Jun-Yan and Park, Taesung and Isola, Phillip and Efros, Alexei A},
	year         = {2017},
	booktitle    = {Proc. IEEE international conference on computer vision},
	pages        = {2223--2232}
}
@article{brock2016neural,
	title        = {Neural photo editing with introspective adversarial networks},
	author       = {Brock, Andrew and Lim, Theodore and Ritchie, James M and Weston, Nick},
	year         = {2016},
	journal      = {arXiv preprint arXiv:1609.07093}
}
@inproceedings{liang2018generative,
	title        = {Generative semantic manipulation with mask-contrasting {GAN}},
	author       = {Liang, Xiaodan and Zhang, Hao and Lin, Liang and Xing, Eric},
	year         = {2018},
	booktitle    = {Proc. European Conference on Computer Vision (ECCV)},
	pages        = {558--573}
}
@article{viazovetskyi2020stylegan2,
	title        = {{Stylegan2} distillation for feed-forward image manipulation},
	author       = {Viazovetskyi, Yuri and Ivashkin, Vladimir and Kashin, Evgeny},
	year         = {2020},
	journal      = {(Proc. European Conference on Computer Vision (ECCV)}
}
@inproceedings{shen2020interpreting,
	title        = {Interpreting the latent space of {GANs} for semantic face editing},
	author       = {Shen, Yujun and Gu, Jinjin and Tang, Xiaoou and Zhou, Bolei},
	year         = {2020},
	booktitle    = {Proc. IEEE/CVF Conference on Computer Vision and Pattern Recognition},
	pages        = {9243--9252}
}
@article{nakano2019neural,
	title        = {Neural painters: A learned differentiable constraint for generating brushstroke paintings},
	author       = {Nakano, Reiichiro},
	year         = {2019},
	journal      = {NeurIPS 2019 Workshop on Machine Learning for Creativity and Design}
}
% DALL-E
@article{ramesh2021zero,
	title        = {Zero-shot text-to-image generation},
	author       = {Ramesh, Aditya and Pavlov, Mikhail and Goh, Gabriel and Gray, Scott and Voss, Chelsea and Radford, Alec and Chen, Mark and Sutskever, Ilya},
	year         = {2021},
	journal      = {arXiv preprint arXiv:2102.12092}
}
@article{ha2018worldmodels,
	title        = {Recurrent World Models Facilitate Policy Evolution},
	author       = {Ha, David and Schmidhuber, J{\"u}rgen},
	year         = {2018},
	journal      = {Advances in Neural Information Processing Systems 31}
}
@article{mordvintsev2020growing,
	title        = {Growing neural cellular automata},
	author       = {Mordvintsev, Alexander and Randazzo, Ettore and Niklasson, Eyvind and Levin, Michael},
	year         = {2020},
	journal      = {Distill},
	volume       = {5},
	number       = {2},
	pages        = {e23}
}
@article{azadi2018discriminator,
	title        = {Discriminator rejection sampling},
	author       = {Azadi, Samaneh and Olsson, Catherine and Darrell, Trevor and Goodfellow, Ian and Odena, Augustus},
	year         = {2018},
	journal      = {arXiv preprint arXiv:1810.06758}
}
@article{dinh2014nice,
	title        = {Nice: Non-linear independent components estimation},
	author       = {Dinh, Laurent and Krueger, David and Bengio, Yoshua},
	year         = {2014},
	journal      = {arXiv preprint arXiv:1410.8516}
}
@article{mo2020freeze,
  title={Freeze the discriminator: a simple baseline for fine-tuning gans},
  author={Mo, Sangwoo and Cho, Minsu and Shin, Jinwoo},
  journal={arXiv preprint arXiv:2002.10964},
  year={2020}
}
% ------------------------
%
%      Transformers
%
% ------------------------
@article{radford2018improving,
  title={Improving language understanding by generative pre-training},
  author={Radford, Alec and Narasimhan, Karthik and Salimans, Tim and Sutskever, Ilya and others},
  year={2018},
  publisher={San Francisco, CA, USA}
}
@article{radford2019language,
  title={Language Models are Unsupervised Multitask Learners},
  author={Radford, Alec and Wu, Jeff and Child, Rewon and Luan, David and Amodei, Dario and Sutskever, Ilya},
  year={2019}
}
% ------------------------
%
%      Style Transfer
%
% ------------------------
@article{gatys2016neural,
	title        = {A Neural Algorithm of Artistic Style},
	author       = {Gatys, Leon and Ecker, Alexander and Bethge, Matthias},
	year         = {2016},
	journal      = {Journal of Vision},
	publisher    = {The Association for Research in Vision and Ophthalmology},
	volume       = {16},
	number       = {12},
	pages        = {326--326}
}
@article{jing2019neural,
	title        = {Neural style transfer: A review},
	author       = {Jing, Yongcheng and Yang, Yezhou and Feng, Zunlei and Ye, Jingwen and Yu, Yizhou and Song, Mingli},
	year         = {2019},
	journal      = {IEEE transactions on visualization and computer graphics},
	volume       = {26},
	number       = {11}
}
@inproceedings{choi2020stargan,
	title        = {{StarGAN} v2: Diverse image synthesis for multiple domains},
	author       = {Choi, Yunjey and Uh, Youngjung and Yoo, Jaejun and Ha, Jung-Woo},
	year         = {2020},
	booktitle    = {Proc. IEEE/CVF Conference on Computer Vision and Pattern Recognition},
	pages        = {8188--8197}
}
@article{qin2020u2,
	title        = {U2-Net: Going deeper with nested U-structure for salient object detection},
	author       = {Qin, Xuebin and Zhang, Zichen and Huang, Chenyang and Dehghan, Masood and Zaiane, Osmar R and Jagersand, Martin},
	year         = {2020},
	journal      = {Pattern Recognition},
	publisher    = {Elsevier},
	volume       = {106},
	pages        = {107404}
}
@inproceedings{thanh2020catastrophic,
	title        = {Catastrophic forgetting and mode collapse in {GANs}},
	author       = {Thanh-Tung, Hoang and Tran, Truyen},
	year         = {2020},
	booktitle    = {Proc. International Joint Conference on Neural Networks (IJCNN)}
}
% ------------------------
%
%    Generative Models 
%         Audio
%
% ------------------------
@article{bau2019semantic,
	title        = {Semantic photo manipulation with a generative image prior},
	author       = {Bau, David and Strobelt, Hendrik and Peebles, William and Wulff, Jonas and Zhou, Bolei and Zhu, Jun-Yan and Torralba, Antonio},
	year         = {2019},
	journal      = {ACM Transactions on Graphics (TOG)},
	publisher    = {ACM New York, NY, USA},
	volume       = {38},
	number       = {4},
	pages        = {1--11}
}
@article{oord2016wavenet,
	title        = {{WaveNet}: A generative model for raw audio},
	author       = {Oord, Aaron van den and Dieleman, Sander and Zen, Heiga and Simonyan, Karen and Vinyals, Oriol and Graves, Alex and Kalchbrenner, Nal and Senior, Andrew and Kavukcuoglu, Koray},
	year         = {2016},
	journal      = {arXiv preprint arXiv:1609.03499}
}
@article{dhariwal2020jukebox,
	title        = {Jukebox: A Generative Model for Music},
	author       = {Dhariwal, Prafulla and Jun, Heewoo and Payne, Christine and Kim, Jong Wook and Radford, Alec and Sutskever, Ilya},
	year         = {2020},
	journal      = {arXiv preprint arXiv:2005.00341}
}
@article{briot2017deep,
	title        = {Deep learning techniques for music generation--a survey},
	author       = {Briot, Jean-Pierre and Hadjeres, Ga{\"e}tan and Pachet, Fran{\c{c}}ois-David},
	year         = {2017},
	journal      = {arXiv preprint arXiv:1709.01620}
}
@article{engel2020ddsp,
	title        = {{DDSP}: Differentiable digital signal processing},
	author       = {Engel, Jesse and Hantrakul, Lamtharn and Gu, Chenjie and Roberts, Adam},
	year         = {2020},
	journal      = {International Conference on Learning Representations}
}
@article{mehri2017samplernn,
	title        = {{SampleRNN}: An unconditional end-to-end neural audio generation model},
	author       = {Mehri, Soroush and Kumar, Kundan and Gulrajani, Ishaan and Kumar, Rithesh and Jain, Shubham and Sotelo, Jose and Courville, Aaron and Bengio, Yoshua},
	year         = {2017},
	journal      = {International Conference on Learning Representations}
}
@article{white2016sampling,
	title        = {Sampling generative networks},
	author       = {White, Tom},
	year         = {2016},
	journal      = {arXiv preprint arXiv:1609.04468}
}
@article{nagarajan2017gradient,
	title        = {Gradient descent GAN optimization is locally stable},
	author       = {Nagarajan, Vaishnavh and Kolter, J Zico},
	year         = {2017},
	journal      = {Advances in neural information processing systems},
	volume       = {30}
}
@inproceedings{heusel2017gans,
  title={Gans trained by a two time-scale update rule converge to a local nash equilibrium},
  author={Heusel, Martin and Ramsauer, Hubert and Unterthiner, Thomas and Nessler, Bernhard and Hochreiter, Sepp},
  booktitle={Advances in Neural Information Processing Systems},
  pages={6626--6637},
  year={2017}
}
% ------------------------
%
%       Gen Models 
%           Video
%
% ------------------------
@misc{openai2024sora,
	title        = {Video generation models as world simulators},
	author       = {{OpenAI}},
	year         = {2024},
	note         = {Accessed: 2024-7-12},
	howpublished = {\url{https://openai.com/index/video-generation-models-as-world-simulators/}}
}
% ------------------------
%
%    Interacting With
%    Generative Models 
%
% ------------------------
@misc{Simon-ganbreeder,
	title        = {{GANBreeder} app},
	author       = {Simon, Joel},
	year         = {2018},
	month        = nov,
	note         = {Accessed: 2020-3-1},
	howpublished = {\url{https://www.joelsimon.net/ganbreeder.html}}
}
@misc{Kent2019-lb,
	title        = {Animating {gAnime} with {StyleGAN}: The Tool},
	author       = {Kent, Nolan},
	year         = {2019},
	month        = nov,
	booktitle    = {Medium},
	publisher    = {Towards Data Science},
	note         = {Accessed: 2020-3-1},
	abstract     = {This is a tutorial/technical blog for a research tool I've been working on as a personal project. While a significant portion of the blog assumes you have access to the tool while reading it, I…},
	howpublished = {\url{https://towardsdatascience.com/animating-ganime-with-stylegan-the-tool-c5a2c31379d}}
}
@inproceedings{abdal2019image2stylegan,
	title        = {{Image2StyleGAN}: How to Embed Images Into the {StyleGAN} Latent Space?},
	author       = {Abdal, Rameen and Qin, Yipeng and Wonka, Peter},
	year         = {2019},
	booktitle    = {IEEE International Conference on Computer Vision},
	pages        = {4432--4441}
}
@inproceedings{loh2018spacesheets,
	title        = {{SpaceSheets}: Interactive latent space exploration through a spreadsheet interface},
	author       = {Loh, Bryan and White, Tom},
	year         = {2018},
	booktitle    = {Workshop on Machine Learning for Creativity and Design},
	volume       = {3}
}
@article{quanz2020machine,
	title        = {Machine learning based co-creative design framework},
	author       = {Quanz, Brian and Sun, Wei and Deshpande, Ajay and Shah, Dhruv and Park, Jae-eun},
	year         = {2020},
	journal      = {arXiv preprint arXiv:2001.08791}
}
@article{valenzuela2018runway,
	title        = {Runway: Adding artificial intelligence capabilities to design and creative platforms},
	author       = {Valenzuela, Crist\'{o}bal and Matamala, Alejandro and Germanidis, Anastasis},
	year         = {2018},
	journal      = {NeurIPS 2018 Workshop on Machine Learning for Creativity and Design}
}
@inproceedings{feldman2017co,
  title={Co-creation: human and AI collaboration in creative expression},
  author={Feldman, Sara Salevati},
  booktitle={Electronic Visualisation and the Arts (EVA 2017)},
  year={2017},
  organization={BCS Learning \& Development}
}
@inproceedings{davis2013human,
  title={Human-computer co-creativity: Blending human and computational creativity},
  author={Davis, Nicholas},
  booktitle={Proceedings of the AAAI Conference on Artificial Intelligence and Interactive Digital Entertainment},
  volume={9},
  number={6},
  pages={9--12},
  year={2013}
}
@inproceedings{candy2002modeling,
  title={Modeling co-creativity in art and technology},
  author={Candy, Linda and Edmonds, Ernest},
  booktitle={Proceedings of the 4th conference on Creativity \& cognition},
  pages={134--141},
  year={2002}
}
@book{whitelaw2004metacreation,
  title={Metacreation: art and artificial life},
  author={Whitelaw, Mitchell},
  year={2004},
  publisher={Mit Press}
}
@inproceedings{eigenfeldt2012evaluating,
  title={Evaluating musical metacreation in a live performance context},
  author={Eigenfeldt, Arne and Burnett, Adam and Pasquier, Philippe},
  booktitle={Proceedings of the Third International Conference on Computational Creativity},
  pages={140--144},
  year={2012}
}
@inproceedings{colton2008creativity,
  title={Creativity Versus the Perception of Creativity in Computational Systems.},
  author={Colton, Simon},
  booktitle={AAAI spring symposium: creative intelligent systems},
  volume={8},
  pages={7},
  year={2008},
  organization={Palo Alto, CA}
}
% ------------------------
%
%    Generative Models 
%     Creative Context
%
% ------------------------
@mastersthesis{broad2016autoencoding,
  title={Autoencoding video frames},
  author={Broad, Terence},
  year={2016},
   publisher    = {diva-portal.org},
  school       = {Goldsmiths, University of London},
   language     = {en}
}
@article{hertzmann2020visual,
	title        = {Visual Indeterminacy in {GAN} Art},
	author       = {Hertzmann, Aaron},
	year         = {2020},
	journal      = {Leonardo},
	publisher    = {MIT Press},
	volume       = {53},
	number       = {4},
	pages        = {424--428}
}
@misc{sarin2018playing,
	title        = {Playing a game of {GAN}struction},
	author       = {Sarin, Helena},
	year         = {2018},
	publisher    = {gradient.pub},
	note         = {Accessed: 2020-12-15},
	howpublished = {\url{https://thegradient.pub/playing-a-game-of-ganstruction/}}
}
@misc{epstein2020terminal,
	title        = {Terminal Blink},
	author       = {Epstein, Vadim},
	year         = {2020},
	note         = {Accessed: 2020-12-15},
	howpublished = {\url{http://www.aiartonline.com/highlights-2020/vadim-epstein/}}
}
@misc{som2020strange,
	title        = {{Strange Fruit}},
	author       = {Som, Mal},
	year         = {2020},
	note         = {Accessed: 2021-02-05},
	howpublished = {\url{http://www.aiartonline.com/highlights-2020/mal-som-errthangisalive/}}
}
@misc{som2021personal,
	title        = {Personal communication},
	author       = {Som, Mal},
	year         = {2021}
}
@misc{grierson2020personal,
	title        = {Personal communication},
	author       = {Grierson, Mick},
	year         = {2020}
}
@misc{schultz2021personal,
	title        = {Personal communication},
	author       = {Schultz, Derrick},
	year         = {2021}
}
@misc{sloan2012flipflop,
	title        = {Dancing the flip flop},
	author       = {Sloan, Robin},
	year         = {2012},
	note         = {Accessed: 2021-03-27},
	howpublished = {\url{https://www.robinsloan.com/notes/flip-flop/}}
}
@misc{pouliot2020gan,
	title        = {{GAN} Bending},
	author       = {Pouliot, Andrew},
	year         = {2020},
	note         = {Accessed: 2021-03-27},
	howpublished = {\url{https://darknoon.com/2020/03/03/gan-hacking/}}
}
@misc{shane2020cat,
	title        = {Trained a neural net on my cat and regret everything},
	author       = {Shane, Janelle},
	year         = {2020},
	note         = {Accessed: 2020-02-05},
	howpublished = {\url{https://aiweirdness.com/post/615654447163621376/trained-a-neural-net-on-my-cat-and-regret}}
}
@misc{hertzmann2021social,
	title        = {Art is Fundamentally Social},
	author       = {Hertzmann, Aaron},
	year         = {2021},
	note         = {Accessed: 2020-03-29},
	howpublished = {\url{https://aaronhertzmann.com/2021/03/22/art-is-social.html}}
}
@misc{broad2020being,
	title        = {{Being Foiled}},
	author       = {Broad, Terence},
	year         = {2020},
	note         = {Accessed: 2021-06-30},
	howpublished = {\url{https://terencebroad.com/works/being-foiled}}
}
@misc{schutlz2020you,
	title        = {You {A}re {H}ere},
	author       = {Schultz, Derrick},
	year         = {2020},
	note         = {Accessed: 2021-06-28},
	howpublished = {\url{https://artificial-images.com/project/you-are-here-machine-learning-film/}}
}
@inproceedings{berns2021automating,
	title        = {{Automating Generative Deep Learning for Artistic Purposes: Challenges and Opportunities}},
	author       = {Berns, Sebastian and Broad, Terence and Guckelsberger, Christian and Colton, Simon},
	year         = {2021},
	booktitle    = {Proc. 12th International Conference on Computational Creativity}
}
% ------------------------
%
%    Active Divergence
%
% ------------------------
@article{chelma2022creative,
  title={Creative divergent synthesis with generative models},
  author={Chemla–Romeu-Santos, Axel and Esling, Philippe},
  journal={arXiv preprint arXiv:2211.08861},
  year={2022}
}
@article{lake2015human,
	title        = {Human-level concept learning through probabilistic program induction},
	author       = {Lake, Brenden M and Salakhutdinov, Ruslan and Tenenbaum, Joshua B},
	year         = {2015},
	journal      = {Science},
	publisher    = {American Association for the Advancement of Science},
	volume       = {350},
	number       = {6266},
	pages        = {1332--1338}
}
@article{das2019toward,
	title        = {Toward A Neuro-inspired Creative Decoder},
	author       = {Das, Payel and Quanz, Brian and Chen, Pin-Yu and Ahn, Jae-wook},
	year         = {2019},
	journal      = {arXiv preprint arXiv:1902.02399}
}
@article{kegl2018spurious,
	title        = {Spurious samples in deep generative models: bug or feature?},
	author       = {K{\'e}gl, Bal{\'a}zs and Cherti, Mehdi and Kazak{\c{c}}{\i}, Ak{\i}n},
	year         = {2018},
	journal      = {arXiv preprint arXiv:1810.01876}
}
@article{kliger2018novelty,
	title        = {Novelty detection with gan},
	author       = {Kliger, Mark and Fleishman, Shachar},
	year         = {2018},
	journal      = {arXiv preprint arXiv:1802.10560}
}
@inproceedings{cherti2017out,
	title        = {Out-of-class novelty generation: an experimental foundation},
	author       = {Cherti, Mehdi and K{\'e}gl, Bal{\'a}zs and Kazak{\c{c}}{\i}, Akin},
	year         = {2017},
	booktitle    = {Proc. IEEE 29th International Conference on Tools with Artificial Intelligence (ICTAI)}
}
@inproceedings{kazakcci2016digits,
	title        = {Digits that are not: Generating new types through deep neural nets},
	author       = {Kazak{\c{c}}{\i}, Ak{\i}n and Mehdi, Cherti and K{\'e}gl, Bal{\'a}zs},
	year         = {2016},
	booktitle    = {Proc. 7th International Conference on Computational Creativity}
}
@article{elgammal2017can,
	title        = {{CAN}: Creative adversarial networks, generating" art" by learning about styles and deviating from style norms},
	author       = {Elgammal, Ahmed and Liu, Bingchen and Elhoseiny, Mohamed and Mazzone, Marian},
	year         = {2017},
	journal      = {Proc. 8th International Conference on Computational Creativity}
}
@inproceedings{berns2020bridging,
	title        = {Bridging Generative Deep Learning and Computational Creativity},
	author       = {Berns, Sebastian and Colton, Simon},
	year         = {2020},
	booktitle    = {Proc. 11th International Conference on Computational Creativity}
}
@inproceedings{bau2020rewriting,
	title        = {Rewriting a Deep Generative Model},
	author       = {Bau, David and Liu, Steven and Wang, Tongzhou and Zhu, Jun-Yan and Torralba, Antonio},
	year         = {2020},
	booktitle    = {Proc. European Conference on Computer Vision (ECCV)}
}
@inproceedings{fernandes2020evolutionary,
	title        = {Evolutionary Latent Space Exploration of Generative Adversarial Networks},
	author       = {Fernandes, Paulo and Correia, Jo{\~a}o and Machado, Penousal},
	year         = {2020},
	booktitle    = {Proc. International Conference on the Applications of Evolutionary Computation (Part of EvoStar)},
	pages        = {595--609},
	organization = {Springer}
}
@article{broad2019searching,
	title        = {Searching for an (un)stable equilibrium: experiments in training generative models without data},
	author       = {Broad, Terence and Grierson, Mick},
	year         = {2019},
	journal      = {NeurIPS 2019 Workshop on Machine Learning for Creativity and Design}
}
@article{broad2019transforming,
	title        = {Transforming the output of {GANs} by fine-tuning them with features from different datasets},
	author       = {Broad, Terence and Grierson, Mick},
	year         = {2019},
	journal      = {arXiv preprint arXiv:1910.02411}
}
@article{broad2020amplifying,
	title        = {Amplifying The Uncanny},
	author       = {Broad, Terence and Leymarie, Frederic Fol and Grierson, Mick},
	year         = {2020},
	journal      = {Proc. 8th Conference on Computation, Communication, Aesthetics and X (xCoAx)}
}
@article{akten2016real,
	title        = {Real-time interactive sequence generation and control with Recurrent Neural Network ensembles},
	author       = {Akten, Memo and Grierson, Mick},
	year         = {2016},
	journal      = {Recurrent Neural Networks Symposium, NIPS 2016}
}
@misc{simon2019dimensions,
	title        = {Dimensions of dialogue},
	author       = {Simon, Joel},
	year         = {2019},
	note         = {Accessed: 2020-12-15},
	howpublished = {\url{https://www.joelsimon.net/dimensions-of-dialogue.html}}
}
@article{park2020generating,
	title        = {Generating Novel Glyph without Human Data by Learning to Communicate},
	author       = {Park, Seung\-won},
	year         = {2020},
	journal      = {NeurIPS 2020 Workshop on Machine Learning For Creativity and Design}
}
@article{guzdial2018combinets,
	title        = {Combinets: Creativity via recombination of neural networks},
	author       = {Guzdial, Matthew and Riedl, Mark O},
	year         = {2018},
	journal      = {Proc. 9th International Conference on Computational Creativity}
}
@inproceedings{collins2020remixing,
	title        = {Remixing AIs: mind swaps, hybrainity, and splicing musical models},
	author       = {Collins, Nick and Růžička, Vit and Grierson, Mick},
	year         = {2020},
	booktitle    = {Proc. The Joint Conference on AI Music Creativity}
}
@misc{ruzika2020convolutional,
	title        = {Convolutional Layer Reconnection},
	author       = {Růžička, Vit},
	year         = {2020},
	note         = {Accessed: 2020-12-17},
	howpublished = {\url{https://www.youtube.com/watch?v=w24XcLon1Ns}}
}
@misc{ruzika2020gan,
	title        = {{GAN} explorer},
	author       = {Růžička, Vit},
	year         = {2020},
	note         = {Accessed: 2020-12-17},
	howpublished = {\url{https://github.com/previtus/GAN_explorer}}
}
@article{pinkney2020interpolation,
	title        = {Resolution Dependent {GAN} Interpolation for Controllable Image Synthesis Between Domains},
	author       = {Pinkney, Justin N. M. and Adler, Doron},
	year         = {2020},
	journal      = {NeurIPS 2020 Workshop on Machine Learning for Creativity and Design}
}
@article{mccallum2020network,
	title        = {Network Bending Neural Vocoders},
	author       = {McCallum, Louis and Yee-King, Matthew},
	year         = {2020},
	journal      = {NeurIPS 2020 Workshop on Machine Learning for Creativity and Design}
}
@article{brouwer2020audio,
	title        = {Audio-reactive Latent Interpolations with {StyleGAN}},
	author       = {Brouwer, Hans},
	year         = {2020},
	journal      = {NeurIPS 2020 Workshop on Machine Learning for Creativity and Design}
}
@article{broad2020network,
	title        = {Network Bending: Manipulating The Inner Representations of Deep Generative Models},
	author       = {Broad, Terence and Leymarie, Frederic Fol and Grierson, Mick},
	year         = {2020},
	journal      = {arXiv preprint arXiv:2005.12420v1}
}
@article{broad2021network,
	title        = {Network Bending: Expressive Manipulation of Deep Generative Models},
	author       = {Broad, Terence and Leymarie, Frederic Fol and Grierson, Mick},
	year         = {2021},
	journal      = {Proc. 10th International Conference on Artificial Intelligence in Music, Sound, Art and Design (EvoMUSART).}
}
@article{colton2021evolving,
	title        = {Evolving Neural Style Transfer Blends},
	author       = {Colton, Simon},
	year         = {2021},
	journal      = {Proc. 10th International Conference on Artificial Intelligence in Music, Sound, Art and Design (EvoMUSART).}
}
@misc{pinkney2020matlab,
	title        = {{MATLAB StyleGAN} Playground},
	author       = {Pinkney, Justin N. M.},
	year         = {2020},
	note         = {Accessed: 2021-02-05},
	howpublished = {\url{https://www.justinpinkney.com/matlab-stylegan/}}
}
@misc{klingemann2018neural,
	title        = {Neural Glitch / Mistaken Identity},
	author       = {Klingemann, Mario},
	year         = {2018},
	note         = {Accessed: 2021-02-05},
	howpublished = {\url{https://underdestruction.com/2018/10/28/neural-glitch/}}
}
@misc{aydao2019crossarchitecture,
	title        = {Transferring Weights Across {StyleGAN} Architectures},
	author       = {Aydao},
	year         = {2019},
	month        = August,
	note         = {Accessed: 2021-02-07},
	howpublished = {\url{https://aydao.ai/experiment/2019/08/16/early.html}}
}
@misc{aydao2019crossmodel,
	title        = {Cross-Model Layer Transplants},
	author       = {Aydao},
	year         = {2019},
	note         = {Accessed: 2021-02-05},
	howpublished = {\url{https://aydao.ai/experiments/2019/10/10/mixin.html}}
}
@article{porres2021discriminator,
  title={Discriminator Synthesis: On reusing the other half of Generative Adversarial Networks},
  author={Porres, Diego},
  year = {2021},
journal      = {NeurIPS 2021 Workshop on Machine Learning for Creativity and Design}
}
@article{ziegler2019fine,
  title={Fine-tuning language models from human preferences},
  author={Ziegler, Daniel M and Stiennon, Nisan and Wu, Jeffrey and Brown, Tom B and Radford, Alec and Amodei, Dario and Christiano, Paul and Irving, Geoffrey},
  journal={arXiv preprint arXiv:1909.08593},
  year={2019}
}
@article{aldegheri2023hacking,
  title={Hacking Generative Models with Differentiable Network Bending},
  author={Aldegheri, Giacomo and Rogalska, Alina and Youssef, Ahmed and Iofinova, Eugenia},
  journal={NeurIPS 2023 Workshop on Machine Learning for Creativity and Design},
  year={2023}
}
@article{dzwonczyk2024network,
  title={Network Bending of Diffusion Models for Audio-Visual Generation},
  author={Dzwonczyk, Luke and Cella, Carmine Emanuele and Ban, David},
  journal={International Conference on Digital Audio Effects (DAFx)},
  year={2024}
}
@article{oldfield2022panda,
  title={PandA: Unsupervised Learning of Parts and Appearances in the Feature Maps of GANs},
  author={Oldfield, James and Tzelepis, Christos and Panagakis, Yannis and Nicolaou, Mihalis A and Patras, Ioannis},
  journal={International Conference on Learning Representations},
  year={2023}
}
@article{oldfield2024bilinear,
  title={Bilinear Models of Parts and Appearances in Generative Adversarial Networks},
  author={Oldfield, James and Tzelepis, Christos and Panagakis, Yannis and Nicolaou, Mihalis A and Patras, Ioannis},
  journal={IEEE Transactions on Pattern Analysis and Machine Intelligence},
  year={2024},
  publisher={IEEE}
}
% ------------------------
%
%        Measuring
%    Active Divergence
%
% ------------------------
@article{wang2020towards,
	title        = {Towards Quantifying Ambiguities in Artistic Images},
	author       = {Wang, Xi and Bylinskii, Zoya and Hertzmann, Aaron and Pepperell, Robert},
	year         = {2020},
	month        = sep,
	journal      = {ACM Trans. Appl. Percept.},
	publisher    = {Association for Computing Machinery},
	address      = {New York, NY, USA},
	issue_date   = {September 2020},
}
% ------------------------
%
%       Expressive
%      Manipulation
%
% ------------------------
@inproceedings{jacobs2017supporting,
	title        = {Supporting expressive procedural art creation through direct manipulation},
	author       = {Jacobs, Jennifer and Gogia, Sumit and M{\u{e}}ch, Radom{\'\i}r and Brandt, Joel R},
	year         = {2017},
	booktitle    = {Proc. CHI Conference on Human Factors in Computing Systems},
	pages        = {6330--6341}
}
@inproceedings{dobrian2006nime,
	title        = {{The'E'in NIME}: Musical Expression with New Computer Interfaces},
	author       = {Dobrian, Christopher and Koppelman, Daniel},
	year         = {2006},
	booktitle    = {New Interfaces for Musical Expression},
	volume       = {6},
	pages        = {277--282}
}
% ------------------------
%
%      Computational
%        Creativity
%
% ------------------------
@inproceedings{ventura2016mere,
  title={Mere generation: Essential barometer or dated concept},
  author={Ventura, Dan},
  booktitle={Proceedings of the Seventh International Conference on Computational Creativity},
  pages={17--24},
  year={2016},
  organization={Sony CSL}
}
@article{ward2020computational,
	title        = {Victorian Fictions of Computational Creativity},
	author       = {Ward, Megan},
	year         = {2020},
	journal      = {AI Narratives: A History of Imaginative Thinking about Intelligent Machines},
	publisher    = {Oxford University Press, USA},
	pages        = {144}
}
@article{ritchie2007some,
	title        = {Some empirical criteria for attributing creativity to a computer program},
	author       = {Ritchie, Graeme},
	year         = {2007},
	journal      = {Minds and Machines},
	publisher    = {Springer},
	volume       = {17},
	number       = {1},
	pages        = {67--99}
}
@inproceedings{compton2015casual,
	title        = {Casual Creators.},
	author       = {Compton, Kate and Mateas, Michael},
	year         = {2015},
	booktitle    = {Proc. 6th International Conference on Computational Creativity}
}
@article{cook2018neighbouring,
	title        = {Neighbouring communities: Interaction, lessons and opportunities},
	author       = {Cook, Michael and Colton, Simon},
	year         = {2018},
	journal      = {Association for Computational Creativity (ACC)}
}
@inproceedings{colton2012computational,
	title        = {Computational creativity: The final frontier?},
	author       = {Colton, Simon and Wiggins, Geraint A},
	year         = {2012},
	booktitle    = {Ecai},
	volume       = {12},
	pages        = {21--26},
	organization = {Montpelier}
}
% combinational creativity
@book{boden2004creative,
	title        = {The creative mind: Myths and mechanisms},
	author       = {Boden, Margaret A},
	year         = {2004},
	publisher    = {Psychology Press}
}
@book{fauconnier2008way,
	title        = {The way we think: Conceptual blending and the mind's hidden complexities},
	author       = {Fauconnier, Gilles and Turner, Mark},
	year         = {2008},
	publisher    = {Basic Books}
}
@article{hocevar1980intelligence,
	title        = {Intelligence, divergent thinking, and creativity},
	author       = {Hocevar, Dennis},
	year         = {1980},
	journal      = {Intelligence},
	publisher    = {Elsevier},
	volume       = {4},
	number       = {1},
	pages        = {25--40}
}
@incollection{grace2019expectation,
	title        = {Expectation-based models of novelty for evaluating computational creativity},
	author       = {Grace, Kazjon and Maher, Mary Lou},
	year         = {2019},
	booktitle    = {Computational Creativity},
	publisher    = {Springer},
	pages        = {195--209}
}
@incollection{saunders2019multi,
	title        = {Multi-agent-based models of social creativity},
	author       = {Saunders, Rob},
	year         = {2019},
	booktitle    = {Computational Creativity},
	publisher    = {Springer},
	pages        = {305--326}
}
@article{galanter2012computational,
	title        = {Computational aesthetic evaluation: past and future},
	author       = {Galanter, Philip},
	year         = {2012},
	journal      = {Computers and creativity},
	publisher    = {Springer},
	pages        = {255--293}
}
% ------------------------
%
%      Creativity Support
%                Tools
%
% ------------------------
@article{shneiderman2002creativity,
  title={Creativity support tools},
  author={Shneiderman, Ben},
  journal={Communications of the ACM},
  volume={45},
  number={10},
  pages={116--120},
  year={2002},
  publisher={ACM New York, NY, USA}
}
@inproceedings{shneiderman1999user,
  title={User interfaces for creativity support tools},
  author={Shneiderman, Ben},
  booktitle={Proceedings of the 3rd conference on Creativity \& cognition},
  pages={15--22},
  year={1999}
}
@inproceedings{shneiderman2002cst_tutorial,
  title={Creativity support tools: a tutorial overview},
  author={Shneiderman, Ben},
  booktitle={Proceedings of the 4th conference on Creativity \& cognition},
  pages={1--2},
  year={2002}
}
@article{kraasch2023autolume,
  title={Autolume-Live: An interface for live visual performances using GANs},
  author={Kraasch, Jonas},
  year={2023},
  journal={Simon Fraser University}
}
@article{kraasch2022autolume,
	title        = {Autolume-Live: Turning GANs
into a Live VJing tool},
	author       = {Kraasch, Jonas and Pasquier, Philippe},
	year         = {2022},
	journal      = {Proc. 10th Conference on Computation, Communication, Aesthetics and X (xCoAx)}
}
@inproceedings{zheng2023stylegan,
  title={Stylegan-canvas: Augmenting stylegan3 for real-time human-ai co-creation},
  author={Zheng, Shuoyang},
  booktitle={Joint Proceedings of the ACM IUI Workshops},
  year={2023}
}
% ------------------------
%
%      Evolutionary
%       Algorithms
%
% ------------------------
@article{mouret2015illuminating,
	title        = {Illuminating search spaces by mapping elites},
	author       = {Mouret, Jean-Baptiste and Clune, Jeff},
	year         = {2015},
	journal      = {arXiv preprint arXiv:1504.04909}
}
@inproceedings{bontrager2018deepmasterprints,
	title        = {{DeepMasterPrints}: Generating {MasterPrints} for Dictionary Attacks via Latent Variable Evolution},
	author       = {Bontrager, Philip and Roy, Aditi and Togelius, Julian and Memon, Nasir and Ross, Arun},
	year         = {2018},
	booktitle    = {Proc. IEEE 9th International Conference on Biometrics Theory, Applications and Systems (BTAS)},
	pages        = {1--9},
	organization = {IEEE}
}
% ------------------------
%
%    Emergent Language
%
% ------------------------
@article{bouchacourt2018agents,
	title        = {How agents see things: On visual representations in an emergent language game},
	author       = {Bouchacourt, Diane and Baroni, Marco},
	year         = {2018},
	journal      = {arXiv preprint arXiv:1808.10696}
}
@article{resnick2019capacity,
	title        = {Capacity, bandwidth, and compositionality in emergent language learning},
	author       = {Resnick, Cinjon and Gupta, Abhinav and Foerster, Jakob and Dai, Andrew M and Cho, Kyunghyun},
	year         = {2019},
	journal      = {arXiv preprint arXiv:1910.11424}
}
@article{lazaridou2016multi,
	title        = {Multi-agent cooperation and the emergence of (natural) language},
	author       = {Lazaridou, Angeliki and Peysakhovich, Alexander and Baroni, Marco},
	year         = {2017},
	journal      = {International Conference on Learning Representations}
}
% ------------------------
%
%      Novelty Search
%
% ------------------------
@inproceedings{lehman2008exploiting,
	title        = {Exploiting open-endedness to solve problems through the search for novelty.},
	author       = {Lehman, Joel and Stanley, Kenneth O},
	year         = {2008},
	booktitle    = {ALIFE},
	pages        = {329--336}
}
@article{lehman2011abandoning,
	title        = {Abandoning objectives: Evolution through the search for novelty alone},
	author       = {Lehman, Joel and Stanley, Kenneth O},
	year         = {2011},
	journal      = {Evolutionary computation},
	publisher    = {MIT Press},
	volume       = {19},
	number       = {2},
	pages        = {189--223}
}
@book{stanley2015greatness,
	title        = {Why greatness cannot be planned: The myth of the objective},
	author       = {Stanley, Kenneth O and Lehman, Joel},
	year         = {2015},
	publisher    = {Springer}
}
@article{etcheverry2020hierarchically,
	title        = {Hierarchically Organized Latent Modules for Exploratory Search in Morphogenetic Systems},
	author       = {Etcheverry, Mayalen and Moulin-Frier, Cl{\'e}ment and Oudeyer, Pierre-Yves},
	year         = {2020},
	journal      = {Advances in Neural Information Processing Systems},
	volume       = {33}
}
% ------------------------
%
%       Exploratory 
%       Interfaces
%
% ------------------------
@inproceedings{secretan2008picbreeder,
	title        = {Picbreeder: evolving pictures collaboratively online},
	author       = {Secretan, Jimmy and Beato, Nicholas and D Ambrosio, David B and Rodriguez, Adelein and Campbell, Adam and Stanley, Kenneth O},
	year         = {2008},
	booktitle    = {Proc. SIGCHI Conference on Human Factors in Computing Systems},
	pages        = {1759--1768}
}
@article{secretan2011picbreeder,
	title        = {Picbreeder: A case study in collaborative evolutionary exploration of design space},
	author       = {Secretan, Jimmy and Beato, Nicholas and D'Ambrosio, David B and Rodriguez, Adelein and Campbell, Adam and Folsom-Kovarik, Jeremiah T and Stanley, Kenneth O},
	year         = {2011},
	journal      = {Evolutionary computation},
	publisher    = {MIT Press},
	volume       = {19},
	number       = {3},
	pages        = {373--403}
}
@misc{simon2020artbreeder,
	title        = {Artbreeder},
	author       = {Simon, J},
	year         = {2020}
}
% ------------------------
%
%       Generative 
%        Grammars
%
% ------------------------
@article{stanley2007compositional,
	title        = {Compositional pattern producing networks: A novel abstraction of development},
	author       = {Stanley, Kenneth O},
	year         = {2007},
	journal      = {Genetic programming and evolvable machines},
	publisher    = {Springer},
	volume       = {8},
	number       = {2},
	pages        = {131--162}
}
% ------------------------
%
%      Social Media
%         Posts
%
% ------------------------
@misc{tokui2023bending,
	title        = {I enjoyed experimenting with the real-time "network bending" [...]},
	author       = {Tokui, Nao},
	year         = {2023},
	note         = {Accessed: 2024-07-20},
	authorid     = {naotokui_en},
	tweetid      = {1663497273274413056},
	howpublished = {\url{https://x.com/naotokui_en/status/1663497273274413056}},
	tweetcontent = {I enjoyed experimenting with the real-time "network bending" of my StyleGAN model trained on spectrograms. It's fascinating to observe that some of the network transformations correspond to traditional audio effects/manipulations, such as overdrive, filtering, and reversing."}
}
@misc{haase2017bar,
	title        = {A Machine Learning algorithm walks into a bar [...]},
	author       = {Haase, Chet},
	year         = {2017},
	month        = {November},
	day          = {1},
	note         = {Accessed: 2023-08-03},
	authorid     = {chethaase},
	tweetid      = {925715289244819458},
	howpublished = {\url{https://twitter.com/chethaase/status/925715289244819458}},
	tweetcontent = {A Machine Learning algorithm walks into a bar. The bartender asks, "What'll you have?" The algorithm says, "What's everyone else having?"}
}
@misc{som2021collapse,
	title        = {I am intrigued by what happens in {GAN} --mode collapse [...]},
	author       = {Som, Mal},
	year         = {2021},
	month        = {January},
	day          = {15},
	note         = {Accessed: 2021-02-04},
	authorid     = {errthangisalive},
	tweetid      = {1350180657159397379},
	howpublished = {\url{https://twitter.com/errthangisalive/status/1350180657159397379}},
	tweetcontent = {I am intrigued by what happens in GAN --mode collapse. We don't fully understand it, but we can be sure it happens. It's a constant/certainty like death. It is the death of the model. It's the collapse of diversity. I explore the ticks right before collapse. The last very breath}
}
@misc{mariansky2020transfer,
	title        = {Transfer learning {StyleGAN} from FFHQ faces to beetles is super weird},
	author       = {Mariansky, Matty},
	year         = {2020},
	month        = {Feburary},
	day          = {10},
	note         = {Accessed: 2021-02-04},
	authorid     = {mmariansky},
	tweetid      = {1226756838613491713},
	howpublished = {\url{https://twitter.com/mmariansky/status/1226756838613491713}},
	tweetcontent = {Transfer learning StyleGAN from FFHQ faces to beetles is super weird}
}
@misc{adler2020transfer,
	title        = {Deliberate StyleGAN2 ffhq corruption. Fine tuned upon a tiny set [...]},
	author       = {Adler, Doron},
	year         = {2020},
	month        = {January},
	day          = {17},
	note         = {Accessed: 2021-02-05},
	authorid     = {Norod78},
	tweetid      = {1218282356391530496},
	howpublished = {\url{https://twitter.com/Norod78/status/1218282356391530496}},
	tweetcontent = {Deliberate StyleGAN2 ffhq corruption. Fine tuned upon a tiny set of 250  “bad” images (google images search term “dragons” which include clipart, cartoons, fantasy art, etc). Setting a tiny batch size (of 4) Attached samples are from the 8KImg, 12KImg chpkts. lrD 0.02, lrG 0.01}
}
@misc{black2020noface,
	title        = {Thanks! It's trained on faces then trained a little while [...]},
	author       = {Black, Sid},
	year         = {2020},
	month        = {May},
	day          = {5},
	note         = {Accessed: 2021-02-05},
	authorid     = {realmeatyhuman},
	tweetid      = {1257733313885765638},
	howpublished = {\url{https://twitter.com/realmeatyhuman/status/1257733313885765638}},
	tweetcontent = {Thanks! It's trained on faces then trained a little while longer on a horror dataset. The model tends to 'forget' large scale structure - faces - before small scale - hair n that}
}
@misc{arfafax2020barycentricinterp,
	title        = {Cross-model interpolations are one of those neat hidden features [...]},
	author       = {Arfafax},
	year         = {2020},
	month        = {August},
	day          = {19},
	note         = {Accessed: 2021-02-05},
	authorid     = {arfafax},
	tweetid      = {1296084902928986113},
	howpublished = {\url{https://twitter.com/arfafax/status/1296084902928986113}},
	tweetcontent = {Cross-model interpolations are one of those neat hidden features that arise from transfer learning. Here I'm interpolating between 5 StyleGAN2 models: furry, FFHQ, anime, ponies, and @KitsuneKey's fox model. All were trained off the same base model, which makes blending possible.}
}
@misc{aydao2020interp,
	title        = {Yeah stochastic weight averaging of neural networks is wild [...].},
	author       = {Aydao},
	year         = {2020},
	month        = {March},
	day          = {02},
	note         = {Accessed: 2021-02-05},
	authorid     = {AydaoAI},
	tweetid      = {1234614081413406720},
	howpublished = {\url{https://twitter.com/AydaoAI/status/1234614081413406720}},
	tweetcontent = {Yeah stochastic weight averaging of neural networks is wild. The linked tweet here is an example of averaging a StyleGAN network trained o faces with another StyleGAN trained on microscope images:}
}
@article{shoshan2021gan,
	title        = {{GAN-Control}: Explicitly Controllable {GANs}},
	author       = {Shoshan, Alon and Bhonker, Nadav and Kviatkovsky, Igor and Medioni, Gerard},
	year         = {2021},
	journal      = {arXiv preprint arXiv:2101.02477}
}
@misc{schultz2020mixed,
	title        = {Demo: How to mix models in {StyleGAN2}},
	author       = {Schultz, Derrick},
	year         = {2020},
	note         = {Accessed: 2020-02-07},
	howpublished = {\url{https://www.youtube.com/watch?v=kbRkznsv9dk}}
}
% ------------------------
%
%      Colab Notebooks
%
% ------------------------
@misc{arfafax2020barycentricnotebook,
	title        = {Barycentric Cross-Network Interpolation with different layer interpolation rates},
	author       = {Arfafax},
	year         = {2020},
	publisher    = {Google Colaboratory},
	note         = {Accessed: 2020-02-05},
	howpublished = {\url{https://colab.research.google.com/drive/1FwOYqtU0kVYDwHrddFKBhDKcs0jJ_zuK}}
}
% ------------------------
%
%   GitHub Repositories
%
% ------------------------
@misc{pinkney2020awesome,
	title        = {Awesome Pretrained {StyleGAN2}},
	author       = {Pinkney, Justin N. M.},
	year         = {2020},
	publisher    = {Github},
	note         = {Accessed: 2020-02-05},
	howpublished = {\url{https://github.com/justinpinkney/awesome-pretrained-stylegan2}}
}
@misc{gal2021stylegan,
	title        = {{StyleGAN2-NADA}},
	author       = {Gal, Rinon},
	year         = {2021},
	publisher    = {Github},
	note         = {Accessed: 2021-06-28},
	howpublished = {\url{https://github.com/rinongal/StyleGAN-nada}}
}
@misc{rosinality2019style,
	title        = {{Style-Based GAN in PyTorch}},
	author       = {Rosinality},
	year         = {2019},
	publisher    = {Github},
	note         = {Accessed: 2024-08-01},
	howpublished = {\url{https://github.com/rosinality/style-based-gan-pytorch/}}
}
% ------------------------
%
%      Miscellaneous
%
% ------------------------
@article{ben2009yaml,
	title        = {{YAML} ain't markup language ({YAML}™) version 1.1},
	author       = {Ben-Kiki, Oren and Evans, Clark and Ingerson, Brian},
	year         = {2009},
	journal      = {Working Draft 2008-05},
	volume       = {11}
}
% ------------------------
%
%      Network Bending
%        Bibliography
%
% ------------------------
@inproceedings{Bau2018-td,
	title        = {{GAN} Dissection: Visualizing and Understanding Generative Adversarial Networks},
	author       = {Bau, David and Zhu, Jun-Yan and Strobelt, Hendrik and Zhou, Bolei and Tenenbaum, Joshua B and Freeman, William T and Torralba, Antonio},
	year         = {2018},
	month        = nov,
	booktitle    = {International Conference on Learning Representations}
}
@misc{noauthor_undated-ku,
	title        = {{GAN} Dissection},
	note         = {Accessed: 2019-11-6},
	abstract     = {GAN Dissection: Visualizing and Understanding Generative Adversarial Networks},
	howpublished = {\url{https://gandissect.csail.mit.edu/}}
}
@mastersthesis{Brink2019-gc,
	title        = {Dissection of a Generative Network for Music Composition},
	author       = {Brink, Pontus},
	year         = {2019},
	publisher    = {diva-portal.org},
  school       = {KTH Royal Institute of Technology},
	language     = {en}
}
@inproceedings{Bau2019-zj,
	title        = {Visualizing and Understanding Generative Adversarial Networks (Extended Abstract)},
	author       = {Bau, David and Zhu, Jun-Yan and Strobelt, Hendrik and Zhou, Bolei and Tenenbaum, Joshua B and Freeman, William T and Torralba, Antonio},
	year         = {2019},
	month        = jan,
	booktitle    = {International Conference on Learning Representations}
}
% The entry below contains non-ASCII chars that could not be converted
% to a LaTeX equivalent.
@inproceedings{Bau2017-vg,
	title        = {Network dissection: Quantifying interpretability of deep visual representations},
	author       = {Bau, David and Zhou, Bolei and Khosla, Aditya and Oliva, Aude and Torralba, Antonio},
	year         = {2017},
	booktitle    = {Proc.  {IEEE} Conference on Computer Vsion and Pattern Recognition},
	publisher    = {openaccess.thecvf.com},
	pages        = {6541--6549}
}
@article{Zhou2019-tu,
	title        = {Interpreting Deep Visual Representations via Network Dissection},
	author       = {Zhou, Bolei and Bau, David and Oliva, Aude and Torralba, Antonio},
	year         = {2019},
	month        = sep,
	journal      = {IEEE Trans. Pattern Anal. Mach. Intell.},
	publisher    = {ieeexplore.ieee.org},
	volume       = {41},
	number       = {9},
	pages        = {2131--2145},
	language     = {en}
}
@article{harkonen2020ganspace,
	title        = {{GANSpace}: Discovering Interpretable {GAN} Controls},
	author       = {H{\"a}rk{\"o}nen, Erik and Hertzmann, Aaron and Lehtinen, Jaakko and Paris, Sylvain},
	year         = {2020},
	journal      = {arXiv preprint arXiv:2004.02546}
}
@misc{akten2018granma,
	title        = {{Grannma MagNet} – Granular Neural Music \& Audio with Magnitude Networks},
	author       = {Akten, Memo},
	year         = {2018},
	month        = nov,
	note         = {Accessed: 2021-9-30},
	howpublished = {\url{https://www.memo.tv/works/grannma-magnet/}}
}
@misc{valenzuela2021melspecvae,
	title        = {{M}el{S}pec{VAE}},
	author       = {Valenzuela, Moisés Horta},
	year         = {2021},
	month        = jan,
	note         = {Accessed: 2021-9-30},
	howpublished = {\url{https://github.com/moiseshorta/MelSpecVAE}}
}
% The entry below contains non-ASCII chars that could not be converted
% to a LaTeX equivalent.
@inproceedings{xiao2018unified,
	title        = {Unified perceptual parsing for scene understanding},
	author       = {Xiao, Tete and Liu, Yingcheng and Zhou, Bolei and Jiang, Yuning and Sun, Jian},
	year         = {2018},
	booktitle    = {Proc.  European Conference on Computer Vision (ECCV)},
	pages        = {418--434}
}
@incollection{soille1999erosion,
	title        = {Erosion and Dilation},
	author       = {Soille, Pierre},
	year         = {1999},
	booktitle    = {Morphological Image Analysis},
	publisher    = {Springer},
	pages        = {49--88}
}
@inproceedings{broad2021active,
	title        = {{Active Divergence with Generative Deep Learning - A Survey and Taxonomy}},
	author       = {Broad, Terence and Berns, Sebastian and Colton, Simon and Grierson, Mick},
	year         = {2021},
	booktitle    = {Proc.  12th International Conference on Computational Creativity}
}
@article{broad2017autoencoding,
	title        = {Autoencoding {Blade Runner}: {Reconstructing} {Films} with {Artificial Neural Networks}},
	author       = {Broad, Terence and Grierson, Mick},
	year         = {2017},
	journal      = {Leonardo},
	volume       = {50},
	number       = {4}
}
@article{cho2014properties,
	title        = {On the properties of neural machine translation: Encoder-decoder approaches},
	author       = {Cho, Kyunghyun and Van Merri{\"e}nboer, Bart and Bahdanau, Dzmitry and Bengio, Yoshua},
	year         = {2014},
	journal      = {arXiv preprint arXiv:1409.1259}
}
@article{tieleman2012lecture,
	title        = {Lecture 6.5-rmsprop, coursera: Neural networks for machine learning},
	author       = {Tieleman, Tijmen and Hinton, Geoffrey},
	year         = {2012},
	journal      = {University of Toronto, Technical Report},
	volume       = {6}
}
@article{yee2021studio,
	title        = {Studio report: sound synthesis with DDSP and network bending techniques},
	author       = {Yee-King, Matthew and McCallum, Louis},
	year         = {2021},
	journal      = {2nd Conference on AI Music Creativity (MuMe + CSMC)}
}
@misc{broad2020disembodied,
	title        = {Disembodied gaze},
	author       = {Broad, Terence},
	year         = {2020},
	note         = {Accessed: 2021-10-12},
	howpublished = {\url{https://terencebroad.com/works/disembodied-gaze}}
}
@misc{broad2021fragments,
	title        = {Fragments of Self},
	author       = {Broad, Terence},
	year         = {2021},
	note         = {Accessed: 2021-10-12},
	howpublished = {\url{https://feralfile.com/artworks/fragments-of-self-tgx?fromExhibition=reflections-in-the-water-9ov}}
}
@article{karras2021alias,
	title        = {Alias-Free Generative Adversarial Networks},
	author       = {Karras, Tero and Aittala, Miika and Laine, Samuli and H{\"a}rk{\"o}nen, Erik and Hellsten, Janne and Lehtinen, Jaakko and Aila, Timo},
	year         = {2021},
	journal      = {Advances in Neural Information Processing Systems}
}
@article{broad2022network,
	title        = {Network Bending: Expressive Manipulation of Generative Models in Multiple Domains},
	author       = {Broad, Terence and Leymarie, Frederic Fol and Grierson, Mick},
	year         = {2022},
	journal      = {Entropy},
	publisher    = {Multidisciplinary Digital Publishing Institute},
	volume       = {24},
	number       = {1},
	pages        = {28}
}
@misc{murdock2021big,
	title        = {The Big Sleep colab notebook},
	author       = {Murdock, Ryan},
	year         = {2021},
	note         = {Accessed: 2022-03-21},
	howpublished = {\url{https://colab.research.google.com/drive/1NCceX2mbiKOSlAd_o7IU7nA9UskKN5WR?usp=sharing}}
}
@misc{schultz2020netbending,
	title        = {{StyleGAN2} Network Bending (Transforming Layers of a Neural Network), Part 1: Generate Static Images},
	author       = {Schultz, Derrick},
	year         = {2020},
	note         = {Accessed: 2024-07-15},
	howpublished = {\url{https://www.youtube.com/watch?v=pSo-aLWTn14}}
}
@article{gal2022stylegan,
  title={Stylegan-nada: Clip-guided domain adaptation of image generators},
  author={Gal, Rinon and Patashnik, Or and Maron, Haggai and Bermano, Amit H and Chechik, Gal and Cohen-Or, Daniel},
  journal={ACM Transactions on Graphics (TOG)},
  volume={41},
  number={4},
  pages={1--13},
  year={2022},
  publisher={ACM New York, NY, USA}
}
% ------------------------
%
%         Random
%
% ------------------------
@article{mori1970uncanny,
	title        = {The uncanny valley},
	author       = {Mori, Masahiro},
	year         = {1970},
	journal      = {Energy},
	volume       = {7},
	number       = {4},
	pages        = {33--35},
	language     = {japanese}
}
@article{mori2012uncanny,
	title        = {The uncanny valley [from the field]},
	author       = {Mori, Masahiro and MacDorman, Karl F and Kageki, Norri},
	year         = {2012},
	journal      = {IEEE Robotics \& Automation Magazine},
	publisher    = {IEEE},
	volume       = {19},
	number       = {2},
	pages        = {98--100}
}
@inproceedings{meng2019vv,
	title        = {Vv-net: Voxel vae net with group convolutions for point cloud segmentation},
	author       = {Meng, Hsien-Yu and Gao, Lin and Lai, Yu-Kun and Manocha, Dinesh},
	year         = {2019},
	booktitle    = {Proceedings of the IEEE/CVF international conference on computer vision},
	pages        = {8500--8508}
}
@misc{saltz2018aiart,
	title        = {How Does {A.I.} Art Stack Up Against Human Art? (HBO)},
	author       = {Saltz, Jerry},
	year         = {2018},
	note         = {Accessed: 2023-08-03},
	howpublished = {\url{https://youtu.be/hws1ZTlkz_I?t=155}}
}
@misc{zakuga2022theft,
	title        = {{AI IS THEFT}},
	author       = {Zakuga},
	year         = {2022},
	note         = {Accessed: 2023-08-03},
	howpublished = {\url{https://www.artstation.com/artwork/YK5ooV}}
}
@misc{artstation2022noai,
	title        = {{NoAI} Tagging on Projects},
	author       = {ArtStation},
	year         = {2022},
	note         = {Accessed: 2023-08-03},
	howpublished = {\url{https://magazine.artstation.com/2022/12/noli-tag/}}
}
@misc{deviantart2022optout,
	title        = {UPDATE All Deviations Are Opted Out of {AI} Datasets},
	author       = {DeviantArt},
	year         = {2022},
	note         = {Accessed: 2023-08-03},
	howpublished = {\url{https://www.deviantart.com/team/journal/UPDATE-All-Deviations-Are-Opted-Out-of-AI-Datasets-934500371}}
}
@misc{stallman2002hacking,
	title        = {On Hacking},
	author       = {Stallman, Richard},
	year         = {2002},
	note         = {Accessed: 2023-08-03},
	howpublished = {\url{https://stallman.org/articles/on-hacking.html}}
}
@article{wark2006hackers,
  title={Hackers},
  author={Wark, McKenzie},
  journal={Theory, Culture \& Society},
  volume={23},
  number={2-3},
  pages={320--322},
  year={2006},
  publisher={Sage Publications London, Thousand Oaks, CA and New Delhi}
}
@book{levy1984hackers,
  title={Hackers: Heroes of the computer revolution},
  author={Levy, Steven},
  volume={14},
  year={1984},
  publisher={Anchor Press/Doubleday Garden City, NY}
}
@article{carlsson9forgotten,
  title={The Forgotten Pioneers of Creative Hacking and Social Networking--Introducing the Demoscene},
  author={Carlsson, Anders},
  journal={MEDIA ART HISTORY 09},
  pages={16}
}
@article{yang2016promoting,
  title={Promoting Creative Computing: origin, scope, research and applications},
  author={Yang, Hongji and Zhang, Lu},
  journal={Digital Communications and Networks},
  volume={2},
  number={2},
  pages={84--91},
  year={2016},
  publisher={Elsevier}
}
@article{elliot2021reflections,
  title={Through the lens of AI into the hidden depths of the datasets},
  author={Elliot, Luba},
  year={2021},
    journal={Feral File},
  	note  = {Accessed: 2023-08-15},
	howpublished = {\url{https://feralfile.com/exhibitions/reflections-in-the-water-9ov}}
}
}
% ------------------------
%
%      News Articles
%
% ------------------------
@article{whiddington2022backlash,
 author  = {Whiddington, Richard},
 year    = {2022},
 title   = {Independent Artists Are Fighting Back Against {A.I.} Image Generators With Innovative Online Protests},
 journal = {Artnet},
 howpublished = {\url{https://news.artnet.com/art-world/independent-artists-are-fighting-back-against-a-i-image-generators-with-innovative-online-protests-2231334}},
 note         = {Accessed: 2023-08-03},
}
@article{romano2016bladerunner,
 author  = {Romano, Aja},
 year    = {2016},
 title   = {A guy trained a machine to "watch" Blade Runner. Then things got seriously sci-fi.},
 journal = {Vox},
 howpublished = {\url{https://www.vox.com/2016/6/1/11787262/blade-runner-neural-network-encoding}},
 note         = {Accessed: 2023-08-03},
}
@misc{openai2022dalle2,
title        = {DALL·E 2},
author       = {OpenAI},
year         = {2022},
 howpublished = {\url{https://openai.com/dall-e-2}},
 note         = {Accessed: 2023-08-03},
}
@misc{caulfield2022refik,
title        = {MoMA Installation Marks Breakthrough for AI Art},
author       = {Caulfield, Brian},
year         = {2022},
 howpublished = {\url{https://blogs.nvidia.com/blog/2022/11/17/moma-ai-art/}},
 note         = {Accessed: 2023-08-04},
}
@misc{stability2022stable,
title        = {Stable Diffusion Public Release},
author       = {StabilityAI},
year         = {2022},
 howpublished = {\url{https://stability.ai/blog/stable-diffusion-public-release}},
 note         = {Accessed: 2023-08-04},
}
@misc{stability2023stability,
title        = {Stability AI: AI by The People For The People},
author       = {StabilityAI},
year         = {2023},
 howpublished = {\url{https://stability.ai/}},
 note         = {Accessed: 2023-08-04},
}
@misc{midjourney2023midjourney,
title        = {Midjourney: AI Art Platform},
author       = {Midjourney},
year         = {2023},
 howpublished = {\url{https://www.midjourney.com/}},
 note         = {Accessed: 2023-08-04},
}
@article{edwards2022midjourney,
 author  = {Edwards, Benj},
 year    = {2022},
 title   = {“Too easy”—Midjourney tests dramatic new version of its AI image generator.},
 journal = {Ars Technical},
 howpublished = {\url{https://arstechnica.com/information-technology/2022/11/midjourney-turns-heads-with-quality-leap-in-new-ai-image-generator-version/}},
 note         = {Accessed: 2023-08-03},
}
@misc{elhoseiny2019hbo,
title        = {Creative Adversarial Network Art work at HBO Silicon Valley (Season 5, Episode 3)},
author       = {Elhoseiny, Mohamed},
year         = {2019},
 howpublished = {\url{https://www.youtube.com/watch?v=_5tRYkdztBg}},
 note         = {Accessed: 2023-08-04},
}
@misc{christies2018edmond,
title        = {
Edmond de Belamy, from La Famille de Belamy in Prints \& Multiples, New York, 23-25 October 2018},
author       = {Christies},
year         = {2018},
 howpublished = {\url{https://www.christies.com/en/lot/lot-6166184}},
 note         = {Accessed: 2023-08-04},
}
% ------------------------
%
%            Art-Science
%
% ------------------------
@article{stanley2018art,
  title={Art in the sciences of the artificial},
  author={Stanley, Kenneth O},
  journal={Leonardo},
  volume={51},
  number={2},
  pages={165--172},
  year={2018},
  publisher={MIT Press The MIT Press, 1 Rogers Street, Cambridge MA 02142-1209, USA~…}
}
% ------------------------
%
%          Critical AI
%
% ------------------------
@inproceedings{birhane2022values,
  title={The values encoded in machine learning research},
  author={Birhane, Abeba and Kalluri, Pratyusha and Card, Dallas and Agnew, William and Dotan, Ravit and Bao, Michelle},
  booktitle={Proceedings of the 2022 ACM Conference on Fairness, Accountability, and Transparency},
  pages={173--184},
  year={2022}
}
% ------------------------
%
%             AI Legal
%
% ------------------------
@article{sobel2017artificial,
  title={Artificial intelligence's fair use crisis},
  author={Sobel, Benjamin LW},
  journal={Colum. JL \& Arts},
  volume={41},
  pages={45},
  year={2017},
  publisher={HeinOnline}
}
@misc{brittain2023artists,
title        = {Artists take new shot at Stability, Midjourney in updated copyright lawsuit},
author       = {Brittain, Blake},
year         = {2023},
 howpublished = {\url{https://www.reuters.com/legal/litigation/artists-take-new-shot-stability-midjourney-updated-copyright-lawsuit-2023-11-30/}},
 note         = {Accessed: 2024-07-12},
}
@misc{vincent2023getty,
title        = {Getty Images is suing the creators of AI art tool Stable Diffusion for scraping its content},
author       = {Vincet, James},
year         = {2023},
 howpublished = {\url{https://www.theverge.com/2023/1/17/23558516/ai-art-copyright-stable-diffusion-getty-images-lawsuit}},
 note         = {Accessed: 2024-07-12},
}
% ------------------------
%
%         AI Artworks
%
% ------------------------
@misc{ridler2018mosaic,
title        = {Mosaic Virus},
author       = {Ridler, Anna},
year         = {2016},
 howpublished = {Presented in the Computer Vision Art Gallery 2018: \url{https://computervisionart.com/pieces/mosaic-virus/}},
 note         = {Accessed: 2024-07-13},
}
@misc{broad2019unstable,
title        = {{(un)stable} equilibrium 1:1},
author       = {Broad, Terence},
year         = {2019},
 howpublished = {Presented in the Computer Vision Art Gallery 2019: \url{https://computervisionart.com/pieces2019/unstable-equilibrium/}},
 note         = {Accessed: 2024-07-13},
}
@misc{aljowaysir2021salaf,
title        = {Salaf},
author       = {Aljowaysir, Nouf},
year         = {2021},
 howpublished = {Presented in the Computer Vision Art Gallery 2021: \url{https://computervisionart.com/pieces2021/salaf/}},
 note         = {Accessed: 2024-07-13},
}
@misc{depot2021digs,
title        = {The depot\_ digs},
author       = {The depot\_},
year         = {2021},
 howpublished = {\url{https://www.artrabbit.com/events/the-depot-digs}},
 note         = {Accessed: 2024-07-13},
}
@misc{broad2020teratome,
	title        = {Teratome},
	author       = {Broad, Terence},
	year         = {2020},
	note         = {Accessed: 2024-07-13},
	howpublished = {Presented in the NeurIPS 2020 AI Art Gallery: \url{https://www.aiartonline.com/highlights-2020/terence-broad-2/}}
}
@misc{broad2021haunted1,
	title        = {Haunted Varations - 01},
	author       = {Broad, Terence},
	year         = {2021},
	note         = {Accessed: 2024-07-13},
	howpublished = {\url{https://objkt.com/tokens/hicetnunc/482739}}
}
@misc{broad2021haunted2,
	title        = {Haunted Varations - 02},
	author       = {Broad, Terence},
	year         = {2021},
	note         = {Accessed: 2024-07-13},
	howpublished = {\url{https://objkt.com/tokens/hicetnunc/482757}}
}
@article{perry2022art,
  title={Art in HCI: A View from the UAL Creative Computing Institute},
  author={Perry, Phoenix and Fiebrink, Rebecca and Grierson, Mick and Brueggemann, MJ and Doukianou, Stella and Plummer-Fernandez, Matthew and Troisi, Anna and others},
  year={2022}
}
@article{sturdee2023chiart,
author = "Miriam Sturdee and Makayla Lewis and Mafalda Gamboa and Thuong Hoang and John Miers and Ilja Šmorgun and ... and Anna Troisi",
title = "{The State of the (CHI)ART}",
year = "2023",
month = "8",
url = "https://figshare.com/articles/book/The_State_of_the_CHI_ART/23921814",
doi = "10.6084/m9.figshare.23921814.v1"
}
@misc{sykes2018places,
	title        = {Places You've Never Been},
	author       = {Sykes, Jen},
	year         = {2018},
	note         = {Accessed: 2024-07-13},
	howpublished = {\url{https://j3nsykes.github.io/PlacesYouveNeverBeen/}}
}
@misc{sykes2021fields,
	title        = {Fields of View},
	author       = {Sykes, Jen},
	year         = {2021},
	note         = {Accessed: 2024-07-13},
	howpublished = {\url{https://j3nsykes.github.io/FieldsOfView/}}
}
@misc{sykes2022offing,
	title        = {The Offing},
	author       = {Sykes, Jen},
	year         = {2022},
	note         = {Accessed: 2024-07-13},
	howpublished = {\url{https://j3nsykes.github.io/TheOffing/}}
}
@misc{brouwer2020ourobo,
	title        = {Ouroboromorphism},
	author       = {Brouwer, Hans},
	year         = {2020},
	note         = {Accessed: 2024-07-13},
	howpublished = {\url{https://www.youtube.com/watch?v=fhZHjBsa0p4/}}
}
@misc{bogart2016watching,
	title        = {Ouroboromorphism},
	author       = {Bogart, Ben},
	year         = {2016},
	note         = {Accessed: 2024-07-20},
	howpublished = {\url{https://www.ekran.org/ben/portfolio/2017/02/watching-blade-runner-2016/}}
}
@book{zylinska2020ai,
  title={AI art: machine visions and warped dreams},
  author={Zylinska, Joanna},
  year={2020},
  publisher={Open humanities press}
}
@misc{white2018perception,
	title        = {Perception Engines},
	author       = {White, Tom},
	year         = {2018},
	note         = {Accessed: 2024-08-2},
	howpublished = {\url{https://drib.net/perception-engines}}
}
@article{white2019shared,
  title={Shared visual abstractions},
  author={White, Tom},
  journal={arXiv preprint arXiv:1912.04217},
  year={2019}
}
@article{mordvintsev2015inceptionism,
  title={Inceptionism: Going deeper into neural networks},
  author={Mordvintsev, Alexander and Olah, Christopher and Tyka, Mike},
  journal={Google research blog},
  volume={20},
  number={14},
  pages={5},
  year={2015}
}
@article{suzuki2017deep,
  title={A Deep-Dream Virtual Reality Platform for Studying Altered Perceptual Phenomenology},
  author={Suzuki, Keisuke and Roseboom, Warrick and Schwartzman, David J and Seth, Anil K},
  journal={Scientific Reports},
  volume={7},
  year={2017},
  publisher={Nature Publishing Group}
}
@incollection{akten2019learning,
  title={Learning to see: you are what you see},
  author={Akten, Memo and Fiebrink, Rebecca and Grierson, Mick},
  booktitle={ACM SIGGRAPH 2019 Art Gallery},
  pages={1--6},
  year={2019},
  publisher={ACM}
}
@misc{akten2017hello,
	title        = {Learning to See: Hello, World!},
	author       = {Akten, Memo},
	year         = {2017},
	note         = {Accessed: 2024-08-21},
	howpublished = {\url{https://www.memo.tv/works/learning-to-see-hello-world/}}
}
@misc{akten2017interactive,
	title        = {Learning to see: Interactive},
	author       = {Akten, Memo},
	year         = {2017},
	note         = {Accessed: 2024-08-21},
	howpublished = {\url{hhttps://www.memo.tv/works/learning-to-see-interactive/}}
}
% ------------------------
%
%        Uncanny paper references
%
% ------------------------
@article{ajder2019state,
  title={The state of deepfakes: Landscape, threats, and impact},
  author={Ajder, Henry and Patrini, Giorgio and Cavalli, Francesco and Cullen, Laurence},
  journal={Amsterdam: Deeptrace},
  volume={27},
  year={2019}
}
@phdthesis{chryssouli2019alchemist,
  title={The Alchemist of the Surreal and the Uncanny Valley: Jan {\v{S}}vankmajer, the puppet and eerie animation},
  author={Chryssouli, Georgia},
  year={2019},
  school={University of Essex}
}
@article{freud1919uncanny,
  title={The ‘uncanny’. SE 17},
  author={Freud, Sigmund},
  journal={London: Hogarth},
  year={1919},
  	howpublished = {\url{https://web.mit.edu/allanmc/www/freud1.pdf/}}
}
 @book{grenville2001uncanny,
  title={The uncanny: Experiments in cyborg culture},
  author={Grenville, Bruce},
  year={2001},
  publisher={arsenal pulp press}
}
@article{jentsch1997psychology,
  title={On the psychology of the uncanny (1906)},
  author={Jentsch, Ernst},
  journal={Angelaki: Journal of the Theoretical Humanities},
  volume={2},
  number={1},
  pages={7--16},
  year={1997},
  publisher={Taylor \& Francis}
}
@article{mori2012uncanny,
  title={The uncanny valley [from the field]},
  author={Mori, Masahiro and MacDorman, Karl F and Kageki, Norri},
  journal={IEEE Robotics \& automation magazine},
  volume={19},
  number={2},
  pages={98--100},
  year={2012},
  publisher={IEEE}
}
@article{tronstad2008uncanny,
  title={The uncanny in new media art},
  author={Tronstad, Ragnhild},
  journal={Leonardo Electronic Almanac},
  volume={16},
  year={2008}
}
@misc{mcdonald2018how,
title        = {How to Recognize Fake AI-Generated Images.},
author       = {McDonald, Kyle},
year         = {2018},
 howpublished = {\url{https://medium.com/@kcimc/how-to-recognize-fake-ai-generated-images-4d1f6f9a2842}},
 note         = {Accessed: 2024-08-12},
}
@article{satter2019spy,
  title={Experts: Spy Used AI-Generated Face to Connect with Targets},
  author={Satter, Raphael},
  journal={Associated Press},
  year={2019},
  	howpublished = {\url{https://apnews.com/bc2f19097a4c4fffaa00de6770b8a60d}}
}
@article{ratajczyk2019uncanny,
  title={Uncanny Valley in Video Games: An Overview},
  author={Ratajczyk, Dawid},
  journal={Homo Ludens},
  number={1 (12)},
  pages={135--148},
  year={2019},
  publisher={Polskie Towarzystwo Badania Gier (Games Research Association of Poland)}
}
@incollection{assaf2020presence,
  title={The Presence of the Uncanny Valley Between Animation and Cinema: A Communication Approach},
  author={Assaf, Rodrigo and Kunz, Sahra and Teixeira, Lu{\'\i}s},
  booktitle={Multidisciplinary Perspectives on New Media Art},
  pages={97--118},
  year={2020},
  publisher={IGI Global}
}
@article{schwind2018avoiding,
  title={Avoiding the uncanny valley in virtual character design},
  author={Schwind, Valentin and Wolf, Katrin and Henze, Niels},
  journal={interactions},
  volume={25},
  number={5},
  pages={45--49},
  year={2018},
  publisher={ACM New York, NY, USA}
}
% ------------------------
%
%      AI Alignment
%
% ------------------------
@article{yudkowsky2016ai,
  title={The AI alignment problem: why it is hard, and where to start},
  author={Yudkowsky, Eliezer},
  journal={Symbolic Systems Distinguished Speaker},
  volume={4},
  pages={1},
  year={2016}
}
@article{turchin2019ai,
  title={AI alignment problem:“human values” don’t actually exist},
  author={Turchin, Alexey},
  year={2019}
}
@article{gabriel2020artificial,
  title={Artificial intelligence, values, and alignment},
  author={Gabriel, Iason},
  journal={Minds and machines},
  volume={30},
  number={3},
  pages={411--437},
  year={2020},
  publisher={Springer}
}
@article{ji2023ai,
  title={Ai alignment: A comprehensive survey},
  author={Ji, Jiaming and Qiu, Tianyi and Chen, Boyuan and Zhang, Borong and Lou, Hantao and Wang, Kaile and Duan, Yawen and He, Zhonghao and Zhou, Jiayi and Zhang, Zhaowei and others},
  journal={arXiv preprint arXiv:2310.19852},
  year={2023}
}
@article{asimov1942runaround,
  title={Runaround},
  author={Asimov, Isaac},
  journal={Astounding science fiction},
  volume={29},
  number={1},
  pages={94--103},
  year={1942}
}
% ------------------------
%
%      Data poisining
%
% ------------------------
@inproceedings{fan2022survey,
  title={A survey on data poisoning attacks and defenses},
  author={Fan, Jiaxin and Yan, Qi and Li, Mohan and Qu, Guanqun and Xiao, Yang},
  booktitle={2022 7th IEEE International Conference on Data Science in Cyberspace (DSC)},
  pages={48--55},
  year={2022},
  organization={IEEE}
}
@inproceedings{biggio2012poisoning,
  title={Poisoning attacks against support vector machines},
  author={Biggio, Battista and Nelson, B and Laskov, P and others},
  booktitle={Proceedings of the 29th International Conference on Machine Learning, ICML 2012},
  pages={1807--1814},
  year={2012},
  organization={ArXiv e-prints}
}
@inproceedings{shan2024nightshade,
  title={Nightshade: Prompt-Specific Poisoning Attacks on Text-to-Image Generative Models},
  author={Shan, Shawn and Ding, Wenxin and Passananti, Josephine and Wu, Stanley and Zheng, Haitao and Zhao, Ben Y},
  booktitle={2024 IEEE Symposium on Security and Privacy (SP)},
  pages={212--212},
  year={2024},
  organization={IEEE Computer Society}
}
@inproceedings{shan2023glaze,
  title={Glaze: Protecting artists from style mimicry by $\{$Text-to-Image$\}$ models},
  author={Shan, Shawn and Cryan, Jenna and Wenger, Emily and Zheng, Haitao and Hanocka, Rana and Zhao, Ben Y},
  booktitle={32nd USENIX Security Symposium (USENIX Security 23)},
  pages={2187--2204},
  year={2023}
}
% ------------------------
%
%     Model Collapse
%
% ------------------------
@inproceedings{alemohammad2023self,
  title={Self-Consuming Generative Models Go MAD},
  author={Alemohammad, Sina and Casco-Rodriguez, Josue and Luzi, Lorenzo and Humayun, Ahmed Imtiaz and Babaei, Hossein and LeJeune, Daniel and Siahkoohi, Ali and Baraniuk, Richard},
  booktitle={The Twelfth International Conference on Learning Representations},
  year={2023}
}
@article{martinez2023combining,
  title={Combining generative artificial intelligence (AI) and the Internet: Heading towards evolution or degradation?},
  author={Mart{\'\i}nez, Gonzalo and Watson, Lauren and Reviriego, Pedro and Hern{\'a}ndez, Jos{\'e} Alberto and Juarez, Marc and Sarkar, Rik},
  journal={arXiv preprint arXiv:2303.01255},
  year={2023}
}
@article{shumailov2023curse,
  title={The curse of recursion: Training on generated data makes models forget},
  author={Shumailov, Ilia and Shumaylov, Zakhar and Zhao, Yiren and Gal, Yarin and Papernot, Nicolas and Anderson, Ross},
  journal={arXiv preprint arXiv:2305.17493},
  year={2023}
}
@article{shumailov2024ai,
  title={AI models collapse when trained on recursively generated data},
  author={Shumailov, Ilia and Shumaylov, Zakhar and Zhao, Yiren and Papernot, Nicolas and Anderson, Ross and Gal, Yarin},
  journal={Nature},
  volume={631},
  number={8022},
  pages={755--759},
  year={2024},
  publisher={Nature Publishing Group UK London}
}
@article{peel2024problem,
  title={The problem of ‘model collapse’: how a lack of human data limits AI progress},
  author={Peel, Micheal},
  journal={Financial Times},
  year={2024}
}
% ------------------------
%
%        Art Theory
%
% ------------------------
@article{moruzzi2022creative,
  title={Creative agents: rethinking agency and creativity in human and artificial systems},
  author={Moruzzi, Caterina},
  journal={Journal of Aesthetics and Phenomenology},
  volume={9},
  number={2},
  pages={245--268},
  year={2022},
  publisher={Taylor \& Francis}
}
@book{zeilinger2021tactical,
  title={Tactical entanglements: AI art, creative agency, and the limits of intellectual property},
  author={Zeilinger, Martin},
  year={2021},
  publisher={meson press}
}
@book{martindale1990clockwork,
  title={The clockwork muse: The predictability of artistic change.},
  author={Martindale, Colin},
  year={1990},
  publisher={Basic Books}
}
@article{grba2022deep,
  title={Deep else: A critical framework for ai art},
  author={Grba, Dejan},
  journal={Digital},
  volume={2},
  number={1},
  pages={1--32},
  year={2022},
  publisher={MDPI}
}
@article{celis2021memo,
  title={Memo Akten’s Learning to See: from machine vision to the machinic unconscious},
  author={Celis Bueno, Claudio and Schultz Abarca, Mar{\'\i}a Jes{\'u}s},
  journal={AI \& SOCIETY},
  volume={36},
  pages={1177--1187},
  year={2021},
  publisher={Springer}
}
@article{cohen2016harold,
  title={Harold cohen and AARON},
  author={Cohen, Paul},
  journal={Ai Magazine},
  volume={37},
  number={4},
  pages={63--66},
  year={2016}
}
@article{cohen1995further,
  title={The further exploits of AARON, painter},
  author={Cohen, Harold},
  journal={Stanford Humanities Review},
  volume={4},
  number={2},
  pages={141--158},
  year={1995}
}
@book{mccorduck1991aaron,
  title={Aaron's code: meta-art, artificial intelligence, and the work of Harold Cohen},
  author={McCorduck, Pamela},
  year={1991},
  publisher={Macmillan}
}
@phdthesis{benediktsson2019human,
  title={Human creativity in the augmented age: Interrogating the works of Maurice Conti and Sougwen Chung},
  author={Benediktsson, Sveinn Steinar},
  year={2019},
 school={Iceland University of the Arts}
}
@article{voss2021conversation,
  title={A Conversation on Automation and Agency},
  author={Voss, Georgina and Bradner, Erin and Parascho, Stefana and Elly, Truitt and Sougwen, Chung and others},
  year={2021},
  journal={Acadia Publishing Company}
}
@inproceedings{sims1991artificial,
  title={Artificial evolution for computer graphics},
  author={Sims, Karl},
  booktitle={Proceedings of the 18th annual conference on Computer graphics and interactive techniques},
  pages={319--328},
  year={1991}
}
@article{sims1994evolving,
  title={Evolving 3D morphology and behavior by competition},
  author={Sims, Karl},
  journal={Artificial life},
  volume={1},
  number={4},
  pages={353--372},
  year={1994}
}
@article{sims2023evolving,
  title={Evolving virtual creatures},
  author={Sims, Karl},
  journal={Seminal Graphics Papers: Pushing the Boundaries, Volume 2},
  pages={699--706},
  year={2023}
}
@book{latham1992evolutionary,
  title={Evolutionary Art and Computers},
  author={Latham, William and Todd, Stephen},
  publisher={Academic Press Inc},
  year={1992}
}
@article{lambert2013emergence,
  title={The emergence and growth of evolutionary art: 1980--1993},
  author={Lambert, Nicholas and Latham, William and Fol Leymarie, Frederic},
  journal={ACM SIGGRAPH 2013 art gallery},
  pages={367--375},
  year={2013}
}
@article{carlsson9forgotten,
  title={The Forgotten Pioneers of Creative Hacking and Social Networking--Introducing the Demoscene},
  author={Carlsson, Anders},
  journal={MEDIA ART HISTORY 09},
  pages={16}
}
@article{lomas2014cellular,
  title={Cellular forms},
  author={Lomas, Andy},
  journal={ACM SIGGRAPH 2014 Studio},
  year={2014},
  publisher={ACM}
}
@article{broad2024using,
  title={Using Generative AI as an Artistic Material: A Hacker's Guide},
  author={Broad, Terence},
  year={2024},
  journal={XAIxArts: 2nd international workshop on eXplainable AI for the Arts at the ACM Creativity and Cognition Conference.}
}
% ------------------------
%
%       XAIxArts paper
%
% ------------------------
@incollection{smith2023ai,
  title={AI-Generated Imagery: A New Era for the Readymade'},
  author={Smith, Amy and Cook, Michael},
  booktitle={SIGGRAPH Asia 2023 Art Papers},
  pages={1--4},
  year={2023}
}
@misc{salvaggio2023aarg,
title        = {The Algorithmic Resistance Research Group {(ARRG!)}},
author       = {Salvaggio, Eryk},
year         = {2023},
 howpublished = {\url{https://cyberneticforests.substack.com/p/the-algorithmic-resistance-research}},
 note         = {Accessed: 2024-05-02},
}
@misc{salvaggio2023cultural,
title        = {Cultural Red Teaming},
author       = {Salvaggio, Eryk},
year         = {2023},
 howpublished = {\url{https://cyberneticforests.substack.com/p/cultural-red-teaming}},
 note         = {Accessed: 2024-05-02},
}
@misc{salvaggio2023noise,
title        = {Writing Noise into Noise},
author       = {Salvaggio, Eryk},
year         = {2023},
 howpublished = {\url{https://cyberneticforests.substack.com/p/writing-noise-into-noise}},
 note         = {Accessed: 2024-05-02},
}
@misc{swanson2022loab,
title        = {I discovered this woman, who I call Loab [...]},
author       = {Swason, Steph Maj},
year         = {2022},
 howpublished = {\url{https://twitter.com/supercomposite/status/1567162288087470081}},
 note         = {Accessed: 2024-05-02},
}
@misc{schmitt2019introspections,
title        = {Introspections},
author       = {Schimtt, Philipp},
year         = {2019},
 howpublished = {\url{https://philippschmitt.com/work/introspections}},
 note         = {Accessed: 2024-05-02},
}
@article{mccormack2004generative,
  title={Generative design: a paradigm for design research},
  author={McCormack, Jon and Dorin, Alan and Innocent, Troy and others},
  journal={Proceedings of Futureground, Design Research Society, Melbourne},
  year={2004}
}
@article{bense1965projekte,
  title={Projekte generativer {\"a}sthetik},
  author={Bense, Max},
  journal={F. von Cube (Flg.), Was ist Kybernetik1 Grundbegriffe, Methoden, Anwendungen, dtv WR},
  volume={4079},
  year={1965}
}
@article{kemper2023glitch,
  title={Glitch, the Post-Digital Aesthetic of Failure and Twenty-First-Century Media},
  author={Kemper, Jakko},
  journal={European Journal of Cultural Studies},
  volume={26},
  number={1},
  pages={47--63},
  year={2023},
  publisher={SAGE Publications Sage UK: London, England}
}
% ------------------------
%
%           Hacking 
%
% ------------------------
@article{mclean2004hacking,
  title={Hacking Perl in nightclubs},
  author={McLean, Alex},
  journal={on: perl. com},
  year={2004}
}
@article{richterich2017introduction,
  title={Introduction. Making and hacking},
  author={Richterich, Annika and Wenz, Karin},
  journal={Digital Culture \& Society},
  volume={3},
  number={1},
  pages={5--22},
  year={2017},
  publisher={transcript Verlag}
}
@inproceedings{goddard2015playful,
  title={Playful hacking within research-through-design},
  author={Goddard, William and Cercos, Robert},
  booktitle={Proceedings of the Annual Meeting of the Australian Special Interest Group for Computer Human Interaction},
  pages={333--337},
  year={2015}
}
@article{flus2021design,
  title={Design at hackathons: new opportunities for design research},
  author={Flus, Meagan and Hurst, Ada},
  journal={Design Science},
  volume={7},
  pages={e4},
  year={2021},
  publisher={Cambridge University Press}
}
@article{falk2022future,
  title={The future of hackathon research and practice},
  author={Falk, Jeanette and Nolte, Alexander and Huppenkothen, Daniela and Weinzierl, Marion and Gama, Kiev and Spikol, Daniel and Tollerud, Erik and Hong, Neil Chue and Kn{\"a}pper, Ines and Hayden, Linda Bailey},
  journal={arXiv preprint arXiv:2211.08963},
  year={2022}
}
@article{rys2023invention,
  title={Invention development. The hackathon method},
  author={Rys, Maciej},
  journal={Knowledge Management Research \& Practice},
  volume={21},
  number={3},
  pages={499--511},
  year={2023},
  publisher={Taylor \& Francis}
}
@article{jordan2017genealogy,
  title={A genealogy of hacking},
  author={Jordan, Tim},
  journal={Convergence},
  volume={23},
  number={5},
  pages={528--544},
  year={2017},
  publisher={SAGE Publications Sage UK: London, England}
}
@article{brown2009integrating,
  title={Integrating creative practice and research in the digital media arts},
  author={Brown, Andrew R and Sorensen, Andrew},
  journal={Practice-led research, research-led practice in the creative arts},
  pages={154--165},
  year={2009}
}
@inproceedings{mccormack2020understanding,
  title={Understanding aesthetic evaluation using deep learning},
  author={McCormack, Jon and Lomas, Andy},
  booktitle={International conference on computational intelligence in music, sound, art and design (part of EvoStar)},
  pages={118--133},
  year={2020},
  organization={Springer}
}
@book{collins2009handmade,
  title={Handmade electronic music: the art of hardware hacking},
  author={Collins, Nicolas},
  year={2009},
  publisher={Routledge}
}
@book{grand2004hardware,
  title={Hardware hacking: have fun while voiding your warranty},
  author={Grand, Joe and Mitnick, Kevin D and Russell, Ryan},
  year={2004},
  publisher={Elsevier}
}
@book{collins2004hardware,
  title={Hardware hacking},
  author={Collins, Nick},
  year={2004},
  publisher={Self Published}
}
@misc{hunsinger2016democratization,
  title={The democratization of hacking and making},
  author={Hunsinger, Jeremy and Schrock, Andrew},
  journal={New Media \& Society},
  volume={18},
  number={4},
  pages={535--538},
  year={2016},
  publisher={Sage Publications Sage UK: London, England}
}
@inproceedings{selvaraj2021live,
  title={Live coding: A review of the literature},
  author={Selvaraj, Ana and Zhang, Eda and Porter, Leo and Soosai Raj, Adalbert Gerald},
  booktitle={Proceedings of the 26th ACM Conference on Innovation and Technology in Computer Science Education V. 1},
  pages={164--170},
  year={2021}
}
@book{cox2012speaking,
  title={Speaking code: Coding as aesthetic and political expression},
  author={Cox, Geoff and McLean, Alex},
  year={2012},
  publisher={MIT Press}
}
@article{hartmann2008hacking,
  title={Hacking, mashing, gluing: Understanding opportunistic design},
  author={Hartmann, Bj{\"o}rn and Doorley, Scott and Klemmer, Scott R},
  journal={IEEE Pervasive Computing},
  volume={7},
  number={3},
  pages={46--54},
  year={2008},
  publisher={IEEE}
}
@article{longpre2024consent,
  title={Consent in Crisis: The Rapid Decline of the AI Data Commons},
  author={Longpre, Shayne and Mahari, Robert and Lee, Ariel and Lund, Campbell and Oderinwale, Hamidah and Brannon, William and Saxena, Nayan and Obeng-Marnu, Naana and South, Tobin and Hunter, Cole and others},
  journal={arXiv preprint arXiv:2407.14933},
  year={2024}
}
@article{alhadeff2024limits,
  title={Limits of Algorithmic Fair Use},
  author={Alhadeff, Jacob and Cuene, Cooper and Del Real, Max},
  journal={Wash. JL Tech. \& Arts},
  volume={19},
  pages={1},
  year={2024},
  publisher={HeinOnline}
}
@article{guadamuz2023scanner,
  title={A scanner darkly: Copyright liability and exceptions in artificial intelligence inputs and outputs},
  author={Guadamuz, Andr{\'e}s},
  journal={GRUR International},
  volume={2},
  pages={2024},
  year={2023}
}
@misc{rafferty2016future,
title        = {The future is only an extension of our past: BB9 + beyond},
author       = {Rafferty, Penny},
year         = {2016},
 howpublished = {\url{https://www.aqnb.com/2016/07/01/the-future-is-only-an-extension-of-our-past-bb9-beyond/}},
 note         = {Accessed: 2024-08-27},
}
@book{fisher2009capitalist,
  title={Capitalist realism: Is there no alternative?},
  author={Fisher, Mark},
  year={2009},
  publisher={Zero Books}
}